<!DOCTYPE html>
<html lang="en-GB">

<head>

    <link rel="dns-prefetch" href="https://fonts.gstatic.com">
    <link rel="preconnect" href="https://fonts.gstatic.com">
    <link rel="preload" href="https://fonts.gstatic.com/s/cinzel/v17/8vIU7ww63mVu7gtR-kwKxNvkNOjw-tbnfYPlDX5Z.woff2"
        as="font" type="font/woff2" crossorigin>
    <link rel="preload" href="https://fonts.gstatic.com/s/cinzel/v17/8vIU7ww63mVu7gtR-kwKxNvkNOjw-tbnfY3lDQ.woff2"
        as="font" type="font/woff2" crossorigin>
    <link rel="preload" href="https://fonts.gstatic.com/s/droidserif/v19/tDbK2oqRg1oM3QBjjcaDkOr4nAfcHg.woff2" as="font"
        type="font/woff2" crossorigin>
    <link rel="preload" href="https://fonts.gstatic.com/s/droidserif/v19/tDbI2oqRg1oM3QBjjcaDkOr9rAU.woff2" as="font"
        type="font/woff2" crossorigin>
    <link rel="preload" href="https://fonts.gstatic.com/s/fjallaone/v13/Yq6R-LCAWCX3-6Ky7FAFrO96kigt.woff2" as="font"
        type="font/woff2" crossorigin>
    <link rel="preload" href="https://fonts.gstatic.com/s/fjallaone/v13/Yq6R-LCAWCX3-6Ky7FAFrOF6kg.woff2" as="font"
        type="font/woff2" crossorigin>
    <link rel="preload" href="https://fonts.gstatic.com/s/lato/v23/S6u8w4BMUTPHjxsAUi-qJCY.woff2" as="font"
        type="font/woff2" crossorigin>
    <link rel="preload" href="https://fonts.gstatic.com/s/lato/v23/S6u8w4BMUTPHjxsAXC-q.woff2" as="font"
        type="font/woff2" crossorigin>
    <link rel="preload" href="https://fonts.gstatic.com/s/lato/v23/S6u9w4BMUTPHh7USSwaPGR_p.woff2" as="font"
        type="font/woff2" crossorigin>
    <link rel="preload" href="https://fonts.gstatic.com/s/lato/v23/S6u9w4BMUTPHh7USSwiPGQ.woff2" as="font"
        type="font/woff2" crossorigin>
    <link rel="preload" href="https://fonts.gstatic.com/s/lato/v23/S6uyw4BMUTPHjxAwXjeu.woff2" as="font"
        type="font/woff2" crossorigin>
    <link rel="preload" href="https://fonts.gstatic.com/s/lato/v23/S6uyw4BMUTPHjx4wXg.woff2" as="font" type="font/woff2"
        crossorigin>
    <link rel="preload" href="https://fonts.gstatic.com/s/lato/v23/S6u9w4BMUTPHh6UVSwaPGR_p.woff2" as="font"
        type="font/woff2" crossorigin>
    <link rel="preload" href="https://fonts.gstatic.com/s/lato/v23/S6u9w4BMUTPHh6UVSwiPGQ.woff2" as="font"
        type="font/woff2" crossorigin>
    <link rel="preload"
        href="https://fonts.gstatic.com/s/oswald/v48/TK3IWkUHHAIjg75cFRf3bXL8LICs13Fv40pKlN4NNSeSASwcEWlbHYjedg.woff2"
        as="font" type="font/woff2" crossorigin>
    <link rel="preload"
        href="https://fonts.gstatic.com/s/oswald/v48/TK3IWkUHHAIjg75cFRf3bXL8LICs13Fv40pKlN4NNSeSASwcEWlSHYjedg.woff2"
        as="font" type="font/woff2" crossorigin>
    <link rel="preload"
        href="https://fonts.gstatic.com/s/oswald/v48/TK3IWkUHHAIjg75cFRf3bXL8LICs13Fv40pKlN4NNSeSASwcEWlZHYjedg.woff2"
        as="font" type="font/woff2" crossorigin>
    <link rel="preload"
        href="https://fonts.gstatic.com/s/oswald/v48/TK3IWkUHHAIjg75cFRf3bXL8LICs13Fv40pKlN4NNSeSASwcEWlYHYjedg.woff2"
        as="font" type="font/woff2" crossorigin>
    <link rel="preload"
        href="https://fonts.gstatic.com/s/oswald/v48/TK3IWkUHHAIjg75cFRf3bXL8LICs13Fv40pKlN4NNSeSASwcEWlWHYg.woff2"
        as="font" type="font/woff2" crossorigin>
    <link rel="preload" href="https://fonts.gstatic.com/s/rougescript/v14/LYjFdGbiklMoCIQOw1Ep3S4_U__a.woff2" as="font"
        type="font/woff2" crossorigin>
    <link rel="search" type="application/opensearchdescription+xml"
        href="/media/rtwe/assets/application/xml/opensearch.xml" title="The Whisky Exchange Search" />
    <title>Search results for cider : The Whisky Exchange</title>
    <meta name="title" content="Search results for cider : The Whisky Exchange" />
    <meta name="description"
        content="Search results for cider on The Whisky Exchange. Offering global delivery and a range of more than 9,000 whiskies and fine spirits, The Whisky Exchange is the world&#39;s specialist drink retailer." />
    <meta property="og:title" content="Search results for cider : The Whisky Exchange" />
    <meta property="og:description"
        content="Search results for cider on The Whisky Exchange. Offering global delivery and a range of more than 9,000 whiskies and fine spirits, The Whisky Exchange is the world&#39;s specialist drink retailer." />
    <meta http-equiv="X-UA-Compatible" content="IE=edge">
    <meta charset="UTF-8" />
    <meta name="viewport" content="width=device-width, initial-scale=1">
    <meta http-equiv="cleartype" content="on">


    <link rel="stylesheet" href="/media/rtwe/assets/application/css/twe-bundle.css?v=638094884873061190">

    <link rel="shortcut icon" href="/media/rtwe/assets/application/images/common/favicon.ico" />
    <link rel="search" type="application/opensearchdescription+xml"
        href="/media/rtwe/assets/application/xml/opensearch.xml" title="The Whisky Exchange" />

    <link rel="stylesheet"
        href="//fonts.googleapis.com/css?family=Lato:300,400,400italic,700|Fjalla+One|Droid+Serif:400,400italic|Oswald:300,400|Cinzel:400|Rouge+Script&display=swap" />
    <link rel="stylesheet" href="/media/rtwe/assets/vendor/css/font-awesome/css/all.min.css?v=08122021" />

    <link rel="canonical" href="https://www.thewhiskyexchange.com/search?q=cider" />


    <script async src="//cdn.ometria.com/tags/f159b8d1c6aa6e3b.js"></script>
    <script async src="https://www.googletagmanager.com/gtag/js?id=G-53RV91M60Z"></script>
    <script>
        var _gaq = _gaq || []; /// Has to be in head

        window.dataLayer = window.dataLayer || [];
        function gtag() {
            dataLayer.push(arguments);
        }
        gtag('js', new Date());

        gtag('config', 'UA-1160170-1'); // Existing UA prop
        gtag('config', 'G-53RV91M60Z'); // New GA4 Measurement Id

        gtag('config', 'AW-770156520');
        gtag('config', 'AW-993914870');

        //TWEMKT-581
        //gtag('config', 'DC-9835324');

        //TWEMKT-1696
        //gtag('config', 'DC-11164379');
    </script>

    <script async type="text/javascript">
        (function (d, RB) { if (!window.RB) { window.RB = RB; RB.queue = RB.queue || []; RB.track = RB.track || function () { RB.queue.push(Array.prototype.slice.call(arguments)) }; RB.initialize = function (s) { RB.source = s }; var a = d.createElement("script"); a.type = "text/javascript"; a.async = !0; a.src = "https://rbm0wu6g.thewhiskyexchange.com/assets/wxyz.rb.js"; f = d.getElementsByTagName("script")[0]; f.parentNode.insertBefore(a, f); } })(document, window.RB || {});
        RB.disablePushState = true;
        RB.initialize("dGhlX3doaXNrZXlfZXhjaGFuZ2V8dmlld3xwdXJjaGFzZXxzaWdudXB8bG9naW4=");
        RB.track("view");
        var RBcId = "";
        if (RBcId != "") {
            RB.track("identify", { "external_id": RBcId });
        }
    </script>


    <script async type="text/javascript">

        window.$zopim || (function (d, s) {
            var z = $zopim = function (c) { z._.push(c) }, $ = z.s =
                d.createElement(s), e = d.getElementsByTagName(s)[0]; z.set = function (o) {
                    z.set.
                    _.push(o)
                }; z._ = []; z.set._ = []; $.async = !0; $.setAttribute("charset", "utf-8");
            $.src = "https://v2.zopim.com/?6OfKKe0JTQD6LhYI6QJ9f3HDmVilJsC0"; z.t = +new Date; $.
                type = "text/javascript"; e.parentNode.insertBefore($, e)
        })(document, "script");


        if ($zopim) {
            $zopim(function () {
                $zopim.livechat.setOnStatus(
                    function () {
                        if (arguments[0] == "online") {
                            $("body").addClass("twe-site-flag--zopim")
                                ;
                        }
                        else {
                            $("body").removeClass("twe-site-flag--zopim");
                        }

                    });
            })
        }


    </script>

</head>

<body itemscope itemtype="http://schema.org/WebPage" class="twe-default-header twe-gold-bar">
    <div id="siteWrapper" class="site-wrapper js-twe__site-wrapper">

        <section class="trust-bar js-trust-bar">
            <div class="trust-bar__container js-trust-bar--slider" aria-label="Trust bar" data-firstslide="1">
                <a href="/about/awards" class="trust-bar__item" title="Online Drinks Retailer of the Year"
                    onclick="_gaq.push(['_trackEvent', 'TrustBar-v2', 'click', 'Awards'])">
                    <div class="trust-bar__content">
                        <img class="trust-bar__icon" alt="Online Drinks Retailer of the Year"
                            src="/media/rtwe/assets/application/images/trustbar/trustbar--awards.svg" width="18"
                            height="16">
                        <p class="trust-bar__primary-copy">
                            Online Drinks Retailer of the Year
                        </p>
                    </div>
                </a>
                <a href="/customerservice/delivery-charges" class="trust-bar__item"
                    title="Free UK Mainland standard delivery on orders over &pound;100"
                    onclick="_gaq.push(['_trackEvent', 'TrustBar-v2', 'click', 'FreeUKDelivery'])">
                    <div class="trust-bar__content">
                        <img class="trust-bar__icon" alt="Free UK Mainland standard delivery on orders over &pound;100"
                            src="/media/rtwe/assets/application/images/trustbar/trustbar--delivery.svg" width="18"
                            height="16">
                        <p class="trust-bar__primary-copy">
                            Free UK Mainland standard delivery on orders over &pound;100
                        </p>
                    </div>
                </a>
                <a href="/about/reviews" class="trust-bar__item"
                    title="Rated 4.8/5 based on 44,000+ reviews on Trustpilot"
                    onclick="_gaq.push(['_trackEvent', 'TrustBar-v2', 'click', 'TrustPilot'])">
                    <div class="trust-bar__content trust-bar__content--column-invert">
                        <p class="trust-bar__primary-copy">
                            Rated 4.8/5 based on 44,000+ reviews on
                        </p>
                        <img class="trust-bar__icon trust-bar__icon--trust-pilot"
                            alt="Rated 4.8/5 based on 44,000+ reviews on Trustpilot"
                            src="/media/rtwe/assets/application/images/trustbar/trustbar--trust-pilot.svg" width="68"
                            height="17">
                    </div>
                </a>
            </div>
            <button class="trust-bar__button js-trust-bar__button" title="Close trust bar">
                <i class="trust-bar__button-icon fal fa-times"></i>
            </button>
        </section>


        <header class="header" role="banner" itemscope itemtype="http://schema.org/WPHeader">
            <div class="header__container">
                <a class="header__logo-link" href="/" title="The Whisky Exchange - World of Fine Spirits">
                    <picture>
                        <source srcset="/media/rtwe/assets/application/images/logos/logo-flat-2021-notagline.svg"
                            width="290" height="92" media="(min-width: 450px)"
                            alt="The Whisky Exchange - World of Fine Spirits" />
                        <img src="/media/rtwe/assets/application/images/logos/twe-crest.svg" width="243" height="151"
                            alt="The Whisky Exchange - World of Fine Spirits">
                    </picture>
                </a>
                <div id="twesearch" class="header__search">
                    <form class="header-search header-search--v2 js-header-search--v2" id="formSearchInput"
                        action="javascript:searchInputHandler()">
                        <input type="text" placeholder="Search for your perfect bottle..."
                            class="header-search__input js-header-search__input--v2" id="txtSearchInput">
                        <button type="submit" class="header-search__button" id="btnSearchInput" name="Search"
                            aria-label="Search">
                            <i class="tweicon tweicon--search"></i>
                        </button>
                    </form>
                </div>
                <div class="header__content js--popcontainer">
                    <div class="header__buttons">
                        <a class="header-button header-button--search js-header-button--search-v2" href="#"
                            title="Search"
                            onclick="_gaq.push(['_trackEvent', 'SiteHeader-v2', 'click', 'Search-Icon'])">
                            <div class="header-button__icon">
                                <i class="tweicon tweicon--search"></i>
                            </div>
                        </a>
                        <a class="header-button header-button--delivery"
                            href="/customerservice/delivery-charges?track=true" title="Delivery &amp; Tracking"
                            onclick="_gaq.push(['_trackEvent', 'SiteHeader-v2', 'click', 'Delivery-Icon'])">
                            <div class="header-button__icon">
                                <i class="tweicon tweicon--delivery"></i>
                            </div>
                        </a>
                        <a class="header-button" href="/account/home" title="Account"
                            onclick="_gaq.push(['_trackEvent', 'SiteHeader-v2', 'click', 'Account-Icon'])">
                            <div class="header-button__icon">
                                <i class="tweicon tweicon--account"></i>
                            </div>
                        </a>
                        <a class="header-button header-button--basket js--poptoggle" href="#twebasketpop" title="Basket"
                            onclick="_gaq.push(['_trackEvent', 'SiteHeader-v2', 'click', 'Basket-Icon'])">
                            <div class="header-button__icon">
                                <i class="tweicon tweicon--basket"></i>
                            </div>
                            <div class="header-link__label js--labelbasket"></div>
                        </a>
                        <a class="header-button header-button--currency js--poptoggle" href="#twecurrencypop"
                            title="Country &amp; Currency Settings"
                            onclick="_gaq.push(['_trackEvent', 'SiteHeader-v2', 'click', 'Currency-Icon'])">
                            <div class="header-button__icon">
                                <img class="header-button__image"
                                    src="/media/rtwe/assets/application/images/common/flag/svg/gb.svg" alt="flag"
                                    width="640" height="480">
                            </div>
                        </a>
                        <a class="header-button header-button--menu js--togglenav" href="#twenavigation" title="Menu">
                            <div class="header-button__icon">
                                <i class="tweicon tweicon--menu"></i>
                            </div>
                        </a>
                    </div>
                    <div id="twebasketpop" class="header-pop js--pop">
                        <div class="header-pop__connector js--popconnector"></div>
                        <div class="js--basketsummary">
                            <div id="tweBasketSummary" class="headersummary">
                                Your basket is currently empty.
                            </div>
                        </div>
                    </div>
                    <div id="twecurrencypop" class="header-pop js--pop">
                        <div class="header-pop__connector js--popconnector"></div>
                        <div class="header-settings">
                            <div class="header-settings__currency">
                                <label for="CmbSiteCurrency" class="header-settings__label">
                                    Currency
                                </label>
                                <select id="CmbSiteCurrency" class="header-settings__input">
                                    <option value="AUD">
                                        AUD (A$)
                                    </option>
                                    <option value="EUR">
                                        EUR (€)
                                    </option>
                                    <option value="GBP" selected>
                                        GBP (£)
                                    </option>
                                    <option value="SGD">
                                        SGD (S$)
                                    </option>
                                    <option value="USD">
                                        USD ($)
                                    </option>
                                </select>
                            </div>
                            <div class="header-settings__country">
                                <label for="CmbSiteCountry" class="header-settings__label">
                                    Country of delivery
                                </label>
                                <select id="CmbSiteCountry" class="header-settings__input">
                                    <option value="au">
                                        Australia
                                    </option>
                                    <option value="at">
                                        Austria
                                    </option>
                                    <option value="bb">
                                        Barbados
                                    </option>
                                    <option value="be">
                                        Belgium
                                    </option>
                                    <option value="bm">
                                        Bermuda
                                    </option>
                                    <option value="vg">
                                        British Virgin Islands
                                    </option>
                                    <option value="ky">
                                        Cayman Islands
                                    </option>
                                    <option value="GG">
                                        Channel Islands
                                    </option>
                                    <option value="cx">
                                        Christmas Island
                                    </option>
                                    <option value="cc">
                                        Cocos (Keeling) Islands
                                    </option>
                                    <option value="cy">
                                        Cyprus
                                    </option>
                                    <option value="cz">
                                        Czechia
                                    </option>
                                    <option value="dk">
                                        Denmark
                                    </option>
                                    <option value="fk">
                                        Falkland Islands
                                    </option>
                                    <option value="pf">
                                        French Polynesia
                                    </option>
                                    <option value="de">
                                        Germany
                                    </option>
                                    <option value="gi">
                                        Gibraltar
                                    </option>
                                    <option value="gl">
                                        Greenland
                                    </option>
                                    <option value="hk">
                                        Hong Kong S. A. R
                                    </option>
                                    <option value="is">
                                        Iceland
                                    </option>
                                    <option value="il">
                                        Israel
                                    </option>
                                    <option value="jp">
                                        Japan
                                    </option>
                                    <option value="li">
                                        Liechtenstein
                                    </option>
                                    <option value="lu">
                                        Luxembourg
                                    </option>
                                    <option value="mo">
                                        Macau S.A.R.
                                    </option>
                                    <option value="mt">
                                        Malta
                                    </option>
                                    <option value="mq">
                                        Martinique
                                    </option>
                                    <option value="nl">
                                        Netherlands
                                    </option>
                                    <option value="nc">
                                        New Caledonia
                                    </option>
                                    <option value="nz">
                                        New Zealand
                                    </option>
                                    <option value="nf">
                                        Norfolk Island
                                    </option>
                                    <option value="no">
                                        Norway
                                    </option>
                                    <option value="pt">
                                        Portugal
                                    </option>
                                    <option value="re">
                                        Reunion
                                    </option>
                                    <option value="sc">
                                        Seychelles
                                    </option>
                                    <option value="sg">
                                        Singapore
                                    </option>
                                    <option value="si">
                                        Slovenia
                                    </option>
                                    <option value="za">
                                        South Africa
                                    </option>
                                    <option value="kr">
                                        South Korea
                                    </option>
                                    <option value="ch">
                                        Switzerland
                                    </option>
                                    <option value="tw">
                                        Taiwan
                                    </option>
                                    <option value="gb" selected>
                                        United Kingdom
                                    </option>
                                    <option value="us">
                                        United States
                                    </option>
                                    <option value="va">
                                        Vatican City
                                    </option>
                                </select>
                            </div>
                            <div class="header-settings__button">
                                <button class="twe-button-sm off-gold on-grey"
                                    id="BtnSiteCountryCurrency">Update</button>
                            </div>
                        </div>
                    </div>
                </div>
                <nav class="header-links">
                    <a href="/shops" class="header-links__link" title="Our Shops"
                        onclick="_gaq.push(['_trackEvent', 'SiteHeader-v2', 'click', 'Shops'])">Our Shops</a>
                    <a href="/customerservice/help-ordertracking" class="header-links__link" title="Track Your Order"
                        onclick="_gaq.push(['_trackEvent', 'SiteHeader-v2', 'click', 'TrackYourOrder'])">Track Your
                        Order</a>
                    <a href="/about" class="header-links__link" title="About Us"
                        onclick="_gaq.push(['_trackEvent', 'SiteHeader-v2', 'click', 'About'])">About Us</a>
                    <a href="/customerservice/home" class="header-links__link" title="Customer Service"
                        onclick="_gaq.push(['_trackEvent', 'SiteHeader-v2', 'click', 'CustomerService'])">Customer
                        Service</a>
                </nav>
                <input id="searchflyoutv2_generallyavailable" type="hidden" value="True" />
            </div>
        </header>


        <nav class="navbar js-navbar">
            <div class="navbar__wrapper" itemscope itemtype="http://schema.org/SiteNavigationElement">
                <button class="navbar__btn navbar__btn--close js--togglenav"><i
                        class="tweicon tweicon--arrow-right-big"></i> Close</button>
                <div class="navbar__container">
                    <a itemprop="url" class="navbar__link js-navbar__link " href="/new-in-and-offers"
                        title="New In &amp; Offers">New In <span class="navbar__line">&amp;&nbsp;Offers</span></a>
                    <div class="subnav js-subnav">
                        <div class="subnav__container subnav--flex-row">
                            <div class="subnav__column subnav__column--w25">
                                <a itemprop="url" href='/new-in-and-offers'
                                    class='subnav__link subnav__link--underline subnav__link--grid'
                                    title="New In & Offers"
                                    onclick="_gaq.push(['_trackEvent', 'Navigation', 'click', 'NewInOffers-Leftcolumn-NewInOffers'])">
                                    <i class="tweicon tweicon--home subnav__col-icon"></i>
                                    <span class="subnav__col-title">New In & Offers</span>
                                </a>
                                <a itemprop="url" href='/productsofthemonth'
                                    class='subnav__link subnav__link--underline subnav__link--grid'
                                    title="Whisky of the Month"
                                    onclick="_gaq.push(['_trackEvent', 'Navigation', 'click', 'NewInOffers-Leftcolumn-Maltofthemonth-WhiskyoftheMonth'])">
                                    <i class="tweicon tweicon--new subnav__col-icon"></i>
                                    <span class="subnav__col-title">Whisky of the Month</span>
                                </a>
                                <a itemprop="url" href='/productsofthemonth'
                                    class='subnav__link subnav__link--underline subnav__link--grid'
                                    title="Spirit of the month"
                                    onclick="_gaq.push(['_trackEvent', 'Navigation', 'click', 'NewInOffers-Leftcolumn-Spiritofthemonth'])">
                                    <i class="tweicon tweicon--new subnav__col-icon"></i>
                                    <span class="subnav__col-title">Spirit of the month</span>
                                </a>
                                <a itemprop="url" href='/productsofthemonth'
                                    class='subnav__link subnav__link--underline subnav__link--grid'
                                    title="Wine of the month"
                                    onclick="_gaq.push(['_trackEvent', 'Navigation', 'click', 'NewInOffers-Leftcolumn-Wineofthemonth'])">
                                    <i class="tweicon tweicon--new subnav__col-icon"></i>
                                    <span class="subnav__col-title">Wine of the month</span>
                                </a>
                                <a itemprop="url" href='/drinksustainably'
                                    class='subnav__link subnav__link--underline subnav__link--grid'
                                    title="Drink Sustainably"
                                    onclick="_gaq.push(['_trackEvent', 'Navigation', 'click', 'NewInOffers-Leftcolumn-DrinkSustainably'])">
                                    <i class="tweicon tweicon--grapes subnav__col-icon"></i>
                                    <span class="subnav__col-title">Drink Sustainably</span>
                                </a>
                                <a itemprop="url" href='https://blog.thewhiskyexchange.com' target='_blank'
                                    class='subnav__link subnav__link--underline subnav__link--grid' title="Blog"
                                    onclick="_gaq.push(['_trackEvent', 'Navigation', 'click', 'NewInOffers-Leftcolumn-Blog'])">
                                    <i class="tweicon tweicon--rss subnav__col-icon"></i>
                                    <span class="subnav__col-title">Blog</span>
                                </a>
                            </div>
                            <div class="subnav__column subnav__column--w25">
                                <h3 class="subnav__title">
                                    New In
                                </h3>
                                <a itemprop="url" href='/new-products' class='subnav__link ' title="New Products"
                                    onclick="_gaq.push(['_trackEvent', 'Navigation', 'click', 'NewInOffers-NewIn-NewProducts'])">
                                    New Products
                                </a>
                                <a itemprop="url" href='/new-products/standard-whisky/' class='subnav__link '
                                    title="New Whisky"
                                    onclick="_gaq.push(['_trackEvent', 'Navigation', 'click', 'NewInOffers-NewIn-NewWhisky'])">
                                    New Whisky
                                </a>
                                <a itemprop="url" href='/new-products/spirits-and-liqueurs/' class='subnav__link '
                                    title="New Spirits & Liqueurs"
                                    onclick="_gaq.push(['_trackEvent', 'Navigation', 'click', 'NewInOffers-NewIn-NewSpiritsLiqueurs'])">
                                    New Spirits & Liqueurs
                                </a>
                                <a itemprop="url" href='/new-products/champagne-wine-and-beer/' class='subnav__link '
                                    title="New Champagne, Wine & Beer"
                                    onclick="_gaq.push(['_trackEvent', 'Navigation', 'click', 'NewInOffers-NewIn-NewChampagneWineBeer'])">
                                    New Champagne, Wine & Beer
                                </a>
                                <a itemprop="url" href='/new-products/miniatures-and-samples' class='subnav__link '
                                    title="New Miniatures & Samples"
                                    onclick="_gaq.push(['_trackEvent', 'Navigation', 'click', 'NewInOffers-NewIn-NewMiniaturesSamples'])">
                                    New Miniatures & Samples
                                </a>
                                <a itemprop="url" href='/p/61498/everything-you-need-to-know-about-whisky'
                                    class='subnav__link ' title="Our Whisky Book"
                                    onclick="_gaq.push(['_trackEvent', 'Navigation', 'click', 'NewInOffers-NewIn-OurWhiskyBook'])">
                                    Our Whisky Book
                                </a>
                            </div>
                            <div class="subnav__column subnav__column--w25">
                                <h3 class="subnav__title">
                                    Special Offers
                                </h3>
                                <a itemprop="url" href='/specialoffers' class='subnav__link ' title="All Offers"
                                    onclick="_gaq.push(['_trackEvent', 'Navigation', 'click', 'NewInOffers-SpecialOffers-AllOffers'])">
                                    All Offers
                                </a>
                                <a itemprop="url" href='/d/429/bin-ends' class='subnav__link ' title="Bin Ends"
                                    onclick="_gaq.push(['_trackEvent', 'Navigation', 'click', 'NewInOffers-SpecialOffers-BinEnds'])">
                                    Bin Ends
                                </a>
                                <a itemprop="url" href='/specialoffers/whisky#productlist-filter' class='subnav__link '
                                    title="Whisky Offers"
                                    onclick="_gaq.push(['_trackEvent', 'Navigation', 'click', 'NewInOffers-SpecialOffers-WhiskyOffers'])">
                                    Whisky Offers
                                </a>
                                <a itemprop="url" href='/specialoffers/spirits#productlist-filter' class='subnav__link '
                                    title="Spirits Offers"
                                    onclick="_gaq.push(['_trackEvent', 'Navigation', 'click', 'NewInOffers-SpecialOffers-SpiritsOffers'])">
                                    Spirits Offers
                                </a>
                                <a itemprop="url" href='/specialoffers/champagne#productlist-filter'
                                    class='subnav__link ' title="Champagne Offers"
                                    onclick="_gaq.push(['_trackEvent', 'Navigation', 'click', 'NewInOffers-SpecialOffers-ChampagneOffers'])">
                                    Champagne Offers
                                </a>
                            </div>
                            <div class="subnav__column subnav__column--w25">
                                <h3 class="subnav__title">
                                    Inspire Me
                                </h3>
                                <a itemprop="url" href='/feature/whiskyoftheyear'
                                    class='subnav__link subnav__link--grid ' title="Whisky of the Year"
                                    onclick="_gaq.push(['_trackEvent', 'Navigation', 'click', 'NewInOffers-InspireMe-WhiskyoftheYear'])">
                                    <i class="tweicon tweicon--whiskyoftheyear subnav__col-icon"></i>
                                    <span class="subnav__col-title">Whisky of the Year</span>
                                </a>
                                <a itemprop="url" href='/feature/rumoftheyear' class='subnav__link subnav__link--grid '
                                    title="Rum of the Year"
                                    onclick="_gaq.push(['_trackEvent', 'Navigation', 'click', 'NewInOffers-InspireMe-RumoftheYear'])">
                                    <i class="tweicon tweicon--spiritoftheyear subnav__col-icon"></i>
                                    <span class="subnav__col-title">Rum of the Year</span>
                                </a>
                                <a itemprop="url" href='/feature/ginoftheyear' class='subnav__link subnav__link--grid '
                                    title="Gin of the Year"
                                    onclick="_gaq.push(['_trackEvent', 'Navigation', 'click', 'NewInOffers-InspireMe-GinoftheYear'])">
                                    <i class="tweicon tweicon--spiritoftheyear subnav__col-icon"></i>
                                    <span class="subnav__col-title">Gin of the Year</span>
                                </a>
                                <a itemprop="url" href='/feature/risingstar' class='subnav__link subnav__link--grid '
                                    title="Rising Star"
                                    onclick="_gaq.push(['_trackEvent', 'Navigation', 'click', 'NewInOffers-InspireMe-RisingStar'])">
                                    <i class="tweicon tweicon--spiritoftheyear subnav__col-icon"></i>
                                    <span class="subnav__col-title">Rising Star</span>
                                </a>
                                <a itemprop="url" href='/d/735/drinks-gift-collections'
                                    class='subnav__link subnav__link--grid ' title="Collections"
                                    onclick="_gaq.push(['_trackEvent', 'Navigation', 'click', 'NewInOffers-InspireMe-Collections'])">
                                    <i class="tweicon tweicon--beercollection subnav__col-icon"></i>
                                    <span class="subnav__col-title">Collections</span>
                                </a>
                                <a itemprop="url" href='/d/793/wine-cases' class='subnav__link subnav__link--grid '
                                    title="Wine Cases"
                                    onclick="_gaq.push(['_trackEvent', 'Navigation', 'click', 'NewInOffers-InspireMe-WineCases'])">
                                    <i class="tweicon tweicon--winecases subnav__col-icon"></i>
                                    <span class="subnav__col-title">Wine Cases</span>
                                </a>
                            </div>
                        </div>
                    </div>
                </div>
                <div class="navbar__container">
                    <a itemprop="url" class="navbar__link js-navbar__link " href="/gift-ideas" title="Gift Ideas">Gift
                        <span class="navbar__line">Ideas</span></a>
                    <div class="subnav js-subnav">
                        <div class="subnav__container subnav--flex-row">
                            <div class="subnav__column subnav__column--w25">
                                <a itemprop="url" href='/gift-ideas'
                                    class='subnav__link subnav__link--underline subnav__link--grid' title="Gift Ideas"
                                    onclick="_gaq.push(['_trackEvent', 'Navigation', 'click', 'GiftIdeas-Leftcolumn-GiftIdeas'])">
                                    <i class="tweicon tweicon--home subnav__col-icon"></i>
                                    <span class="subnav__col-title">Gift Ideas</span>
                                </a>
                                <a itemprop="url" href='/feature/engraving'
                                    class='subnav__link subnav__link--underline subnav__link--grid'
                                    title="Personalised Engraving"
                                    onclick="_gaq.push(['_trackEvent', 'Navigation', 'click', 'GiftIdeas-Leftcolumn-PersonalisedEngraving'])">
                                    <i class="tweicon tweicon--engraving subnav__col-icon"></i>
                                    <span class="subnav__col-title">Personalised Engraving</span>
                                </a>
                                <a itemprop="url" href='/personalisedlabels'
                                    class='subnav__link subnav__link--underline subnav__link--grid'
                                    title="Personalised Labels"
                                    onclick="_gaq.push(['_trackEvent', 'Navigation', 'click', 'GiftIdeas-Leftcolumn-PersonalisedLabels'])">
                                    <i class="tweicon tweicon--champagne-gifts subnav__col-icon"></i>
                                    <span class="subnav__col-title">Personalised Labels</span>
                                </a>
                                <a itemprop="url" href='/giftsets'
                                    class='subnav__link subnav__link--underline subnav__link--grid' title="Gift Sets"
                                    onclick="_gaq.push(['_trackEvent', 'Navigation', 'click', 'GiftIdeas-Leftcolumn-GiftSets'])">
                                    <i class="tweicon tweicon--whiskygifts subnav__col-icon"></i>
                                    <span class="subnav__col-title">Gift Sets</span>
                                </a>
                                <a itemprop="url" href='/drinksustainably'
                                    class='subnav__link subnav__link--underline subnav__link--grid'
                                    title="Drink Sustainably"
                                    onclick="_gaq.push(['_trackEvent', 'Navigation', 'click', 'GiftIdeas-Leftcolumn-DrinkSustainably'])">
                                    <i class="tweicon tweicon--grapes subnav__col-icon"></i>
                                    <span class="subnav__col-title">Drink Sustainably</span>
                                </a>
                                <a itemprop="url" href='/c/828/sample-gift-sets'
                                    class='subnav__link subnav__link--underline subnav__link--grid'
                                    title="Perfect Measure Sets"
                                    onclick="_gaq.push(['_trackEvent', 'Navigation', 'click', 'GiftIdeas-Leftcolumn-PerfectMeasureSets'])">
                                    <i class="tweicon tweicon--tasting subnav__col-icon"></i>
                                    <span class="subnav__col-title">Perfect Measure Sets</span>
                                </a>
                                <a itemprop="url" href='/cocktails'
                                    class='subnav__link subnav__link--underline subnav__link--grid'
                                    title="Cocktail recipes"
                                    onclick="_gaq.push(['_trackEvent', 'Navigation', 'click', 'GiftIdeas-Leftcolumn-Cocktailrecipes'])">
                                    <i class="tweicon tweicon--cocktailglasses subnav__col-icon"></i>
                                    <span class="subnav__col-title">Cocktail recipes</span>
                                </a>
                            </div>
                            <div class="subnav__column subnav__column--w25">
                                <h3 class="subnav__title">
                                    Gifts by Recipient
                                </h3>
                                <a itemprop="url" href='/d/929/for-the-connoisseur' class='subnav__link '
                                    title="Gifts for the Connoisseur"
                                    onclick="_gaq.push(['_trackEvent', 'Navigation', 'click', 'GiftIdeas-GiftsbyRecipient-GiftsfortheConnoisseur'])">
                                    Gifts for the Connoisseur
                                </a>
                                <a itemprop="url" href='/d/922/romantic-gifts' class='subnav__link '
                                    title="Romantic Gifts"
                                    onclick="_gaq.push(['_trackEvent', 'Navigation', 'click', 'GiftIdeas-GiftsbyRecipient-RomanticGifts'])">
                                    Romantic Gifts
                                </a>
                                <a itemprop="url" href='/d/797/corporate-gifts' class='subnav__link '
                                    title="Corporate Gifts"
                                    onclick="_gaq.push(['_trackEvent', 'Navigation', 'click', 'GiftIdeas-GiftsbyRecipient-CorporateGifts'])">
                                    Corporate Gifts
                                </a>
                                <h3 class="subnav__title">
                                    Popular Gifts
                                </h3>
                                <a itemprop="url" href='/d/696/gifts-under-25' class='subnav__link '
                                    title="Gifts Under £25"
                                    onclick="_gaq.push(['_trackEvent', 'Navigation', 'click', 'GiftIdeas-PopularGifts-GiftsUnder25'])">
                                    Gifts Under £25
                                </a>
                                <a itemprop="url" href='/d/698/gifts-under-50' class='subnav__link '
                                    title="Gifts Under £50"
                                    onclick="_gaq.push(['_trackEvent', 'Navigation', 'click', 'GiftIdeas-PopularGifts-GiftsUnder50'])">
                                    Gifts Under £50
                                </a>
                                <a itemprop="url" href='/d/699/gifts-under-100' class='subnav__link '
                                    title="Gifts Under £100"
                                    onclick="_gaq.push(['_trackEvent', 'Navigation', 'click', 'GiftIdeas-PopularGifts-GiftsUnder100'])">
                                    Gifts Under £100
                                </a>
                                <a itemprop="url" href='/d/552/luxury-spirits-gifts' class='subnav__link '
                                    title="Luxury Gifts"
                                    onclick="_gaq.push(['_trackEvent', 'Navigation', 'click', 'GiftIdeas-PopularGifts-LuxuryGifts'])">
                                    Luxury Gifts
                                </a>
                            </div>
                            <div class="subnav__column subnav__column--w25">
                                <h3 class="subnav__title">
                                    Inspire Me
                                </h3>
                                <a itemprop="url" href='/giftcard' class='subnav__link ' title="Personalised eGift Card"
                                    onclick="_gaq.push(['_trackEvent', 'Navigation', 'click', 'GiftIdeas-InspireMe-eGiftCard'])">
                                    eGift Card
                                </a>
                                <a itemprop="url" href='/d/659/champagne-and-wine-gifts' class='subnav__link '
                                    title="Champagne & Wine Gifts"
                                    onclick="_gaq.push(['_trackEvent', 'Navigation', 'click', 'GiftIdeas-InspireMe-ChampagneWineGifts'])">
                                    Champagne & Wine Gifts
                                </a>
                                <a itemprop="url" href='/c/519/chocolate-popcorn-and-treats' class='subnav__link '
                                    title="Chocolates & Treats"
                                    onclick="_gaq.push(['_trackEvent', 'Navigation', 'click', 'GiftIdeas-InspireMe-ChocolatesTreats'])">
                                    Chocolates & Treats
                                </a>
                                <a itemprop="url" href='/d/735/drinks-gift-collections' class='subnav__link '
                                    title="Drinks Gift Collections"
                                    onclick="_gaq.push(['_trackEvent', 'Navigation', 'click', 'GiftIdeas-InspireMe-DrinksGiftCollections'])">
                                    Drinks Gift Collections
                                </a>
                                <a itemprop="url" href='/c/588/gift-boxes' class='subnav__link ' title="Gift Boxes"
                                    onclick="_gaq.push(['_trackEvent', 'Navigation', 'click', 'GiftIdeas-InspireMe-GiftBoxes'])">
                                    Gift Boxes
                                </a>
                                <a itemprop="url" href='/d/872/top-10-whiskies' class='subnav__link '
                                    title="Top 10 Whiskies"
                                    onclick="_gaq.push(['_trackEvent', 'Navigation', 'click', 'GiftIdeas-InspireMe-Top10Whiskies'])">
                                    Top 10 Whiskies
                                </a>
                                <a itemprop="url" href='/giftsets/spirits' class='subnav__link ' title="Spirits Gifts"
                                    onclick="_gaq.push(['_trackEvent', 'Navigation', 'click', 'GiftIdeas-InspireMe-SpiritsGifts'])">
                                    Spirits Gifts
                                </a>
                                <a itemprop="url" href='/giftsets/whisky' class='subnav__link ' title="Whisky Gifts"
                                    onclick="_gaq.push(['_trackEvent', 'Navigation', 'click', 'GiftIdeas-InspireMe-WhiskyGifts'])">
                                    Whisky Gifts
                                </a>
                                <a itemprop="url" href='/p/59957/20-whiskies-that-changed-the-world-tasting-set-20x3cl'
                                    class='subnav__link ' title="20 Whiskies Tasting Set"
                                    onclick="_gaq.push(['_trackEvent', 'Navigation', 'click', 'GiftIdeas-InspireMe-20WhiskiesTastingSet'])">
                                    20 Whiskies Tasting&nbsp;Set
                                </a>
                            </div>
                            <div class="subnav__column subnav__column--w25">
                                <h3 class="subnav__title">
                                    Gifts by Occasion
                                </h3>
                                <a itemprop="url" href='/d/796/wedding-gifts' class='subnav__link subnav__link--grid '
                                    title="Wedding Gifts"
                                    onclick="_gaq.push(['_trackEvent', 'Navigation', 'click', 'GiftIdeas-GiftsbyOccasion-WeddingsGifts-WeddingGifts'])">
                                    <i class="tweicon tweicon--bubbles subnav__col-icon"></i>
                                    <span class="subnav__col-title">Wedding Gifts</span>
                                </a>
                                <a itemprop="url" href='/d/795/wedding-favours' class='subnav__link subnav__link--grid '
                                    title="Wedding Favours"
                                    onclick="_gaq.push(['_trackEvent', 'Navigation', 'click', 'GiftIdeas-GiftsbyOccasion-WeddingFavours'])">
                                    <i class="tweicon tweicon--weddingfavours subnav__col-icon"></i>
                                    <span class="subnav__col-title">Wedding Favours</span>
                                </a>
                                <a itemprop="url" href='/whisky/birthday-and-anniversary'
                                    class='subnav__link subnav__link--grid ' title="Birthdays & Anniversaries"
                                    onclick="_gaq.push(['_trackEvent', 'Navigation', 'click', 'GiftIdeas-GiftsbyOccasion-BirthdaysAnniversaries'])">
                                    <i class="tweicon tweicon--birthdayandanniversaries subnav__col-icon"></i>
                                    <span class="subnav__col-title">Birthdays & Anniversaries</span>
                                </a>
                                <a class="subnav__sub-title" itemprop="url" href="/whisky/birthday-and-anniversary"
                                    title="Popular Ages">Popular Ages</a>
                                <div class="subnav-box">
                                    <a class="subnav-box__link" itemprop="url" href="/whisky/age/10-year-old-whisky"
                                        title="10 Year Old Whisky">10</a>
                                    <a class="subnav-box__link" itemprop="url" href="/whisky/age/18-year-old-whisky"
                                        title="18 Year Old Whisky">18</a>
                                    <a class="subnav-box__link" itemprop="url" href="/whisky/age/21-year-old-whisky"
                                        title="21 Year Old Whisky">21</a>
                                    <a class="subnav-box__link" itemprop="url" href="/whisky/age/25-year-old-whisky"
                                        title="25 Year Old Whisky">25</a>
                                    <a class="subnav-box__link" itemprop="url" href="/whisky/age/30-year-old-whisky"
                                        title="30 Year Old Whisky">30</a>
                                    <a class="subnav-box__link" itemprop="url" href="/whisky/age/40-year-old-whisky"
                                        title="40 Year Old Whisky">40</a>
                                    <a class="subnav-box__link" itemprop="url" href="/whisky/age/50-year-old-whisky"
                                        title="50 Year Old Whisky">50</a>
                                    <a class="subnav-box__link subnav-box__link--more" itemprop="url"
                                        href="/whisky/birthday-and-anniversary"
                                        title="More Birthday & Anniversary Whisky"
                                        onclick="_gaq.push(['_trackEvent', 'Navigation', 'click', 'GiftIdeas-GiftsbyOccasion-PopularAges-more'])">More</a>
                                </div> <a class="subnav__sub-title" itemprop="url"
                                    href="/whisky/birthday-and-anniversary" title="Popular Ages">Popular Vintages</a>
                                <div class="subnav-box">
                                    <a class="subnav-box__link" itemprop="url"
                                        href="/whisky/vintage/1963-vintage-whisky" title="1963 Vintage Whisky">1963</a>
                                    <a class="subnav-box__link" itemprop="url"
                                        href="/whisky/vintage/1973-vintage-whisky" title="1973 Vintage Whisky">1973</a>
                                    <a class="subnav-box__link" itemprop="url"
                                        href="/whisky/vintage/1983-vintage-whisky" title="1983 Vintage Whisky">1983</a>
                                    <a class="subnav-box__link" itemprop="url"
                                        href="/whisky/vintage/1988-vintage-whisky" title="1988 Vintage Whisky">1988</a>
                                    <a class="subnav-box__link" itemprop="url"
                                        href="/whisky/vintage/1993-vintage-whisky" title="1993 Vintage Whisky">1993</a>
                                    <a class="subnav-box__link" itemprop="url"
                                        href="/whisky/vintage/2002-vintage-whisky" title="2002 Vintage Whisky">2002</a>
                                    <a class="subnav-box__link" itemprop="url"
                                        href="/whisky/vintage/2005-vintage-whisky" title="2005 Vintage Whisky">2005</a>
                                    <a class="subnav-box__link subnav-box__link--more" itemprop="url"
                                        href="/whisky/birthday-and-anniversary"
                                        onclick="_gaq.push(['_trackEvent', 'Navigation', 'click', 'GiftIdeas-GiftsbyOccasion-PopularVintages-more'])">More</a>
                                </div>
                            </div>
                        </div>
                    </div>
                </div>
                <div class="navbar__container">
                    <a itemprop="url" class="navbar__link js-navbar__link " href="/scotch-whisky"
                        title="Scotch Whisky">Scotch <span class="navbar__line">Whisky</span></a>
                    <div class="subnav js-subnav">
                        <div class="subnav__container subnav--flex-row">

                            <div class="subnav__column subnav__column--w20">
                                <a itemprop="url" href='/scotch-whisky'
                                    class='subnav__link subnav__link--underline subnav__link--grid'
                                    title="Scotch Whisky"
                                    onclick="_gaq.push(['_trackEvent', 'Navigation', 'click', 'ScotchWhisky-Leftcolumn-ScotchWhisky'])">
                                    <i class="tweicon tweicon--home subnav__col-icon"></i>
                                    <span class="subnav__col-title">Scotch Whisky</span>
                                </a>
                                <a itemprop="url" href='/brands/scotchwhisky'
                                    class='subnav__link subnav__link--underline subnav__link--grid'
                                    title="A to Z of Scotch Whisky"
                                    onclick="_gaq.push(['_trackEvent', 'Navigation', 'click', 'ScotchWhisky-Leftcolumn-AZOfScotchWhisky'])">
                                    <i class="tweicon tweicon--az subnav__col-icon"></i>
                                    <span class="subnav__col-title">A-Z Of Scotch Whisky</span>
                                </a>
                                <a itemprop="url" href='/new-products/standard-whisky'
                                    class='subnav__link subnav__link--underline subnav__link--grid'
                                    title="New Scotch Whisky"
                                    onclick="_gaq.push(['_trackEvent', 'Navigation', 'click', 'ScotchWhisky-Leftcolumn-NewScotchWhisky'])">
                                    <i class="tweicon tweicon--new subnav__col-icon"></i>
                                    <span class="subnav__col-title">New Scotch Whisky</span>
                                </a>
                                <a itemprop="url" href='/specialoffers/whisky'
                                    class='subnav__link subnav__link--underline subnav__link--grid'
                                    title="Special Offers"
                                    onclick="_gaq.push(['_trackEvent', 'Navigation', 'click', 'ScotchWhisky-Leftcolumn-SpecialOffers'])">
                                    <i class="tweicon tweicon--specialoffer subnav__col-icon"></i>
                                    <span class="subnav__col-title">Special Offers</span>
                                </a>
                                <a itemprop="url" href='/exclusive-to-us'
                                    class='subnav__link subnav__link--underline subnav__link--grid'
                                    title="Exclusive Bottlings"
                                    onclick="_gaq.push(['_trackEvent', 'Navigation', 'click', 'ScotchWhisky-Leftcolumn-ExclusiveBottlings'])">
                                    <i class="tweicon tweicon--exclusive subnav__col-icon"></i>
                                    <span class="subnav__col-title">Exclusive Bottlings</span>
                                </a>
                                <a itemprop="url" href='/d/872/top-10-whiskies'
                                    class='subnav__link subnav__link--underline subnav__link--grid'
                                    title="Top 10 Whiskies"
                                    onclick="_gaq.push(['_trackEvent', 'Navigation', 'click', 'ScotchWhisky-Leftcolumn-Top10Whiskies'])">
                                    <i class="tweicon tweicon--whiskycollection subnav__col-icon"></i>
                                    <span class="subnav__col-title">Top 10 Whiskies</span>
                                </a>
                                <a itemprop="url" href='/p/59957/20-whiskies-that-changed-the-world-tasting-set-20x3cl'
                                    class='subnav__link subnav__link--underline subnav__link--grid'
                                    title="20 Whiskies Tasting Set"
                                    onclick="_gaq.push(['_trackEvent', 'Navigation', 'click', 'ScotchWhisky-Leftcolumn-20WhiskiesTastingSet'])">
                                    <i class="tweicon tweicon--heart subnav__col-icon"></i>
                                    <span class="subnav__col-title">20 Whiskies Tasting&nbsp;Set</span>
                                </a>
                                <a itemprop="url" href='/drinksustainably'
                                    class='subnav__link subnav__link--underline subnav__link--grid'
                                    title="Drink Sustainably"
                                    onclick="_gaq.push(['_trackEvent', 'Navigation', 'click', 'ScotchWhisky-Leftcolumn-DrinkSustainably'])">
                                    <i class="tweicon tweicon--grapes subnav__col-icon"></i>
                                    <span class="subnav__col-title">Drink Sustainably</span>
                                </a>
                            </div>
                            <div class="subnav__column subnav__column--w20">
                                <h3 class="subnav__title">
                                    Shop by Type
                                </h3>
                                <a itemprop="url" href='/c/40/single-malt-scotch-whisky' class='subnav__link  '
                                    title="Single Malt Whisky"
                                    onclick="_gaq.push(['_trackEvent', 'Navigation', 'click', 'ScotchWhisky-ShopbyType-SingleMaltWhisky'])">
                                    Single Malt Whisky
                                </a>
                                <a itemprop="url" class="subnav__link subnav__link--lowercase"
                                    href="/c/316/campbeltown-single-malt-scotch-whisky"
                                    title="Campbeltown Single Malt Scotch Whisky"
                                    onclick="_gaq.push(['_trackEvent', 'Navigation', 'click', 'ScotchWhisky-ShopbyType-SingleMaltWhisky-Campbeltown'])">Campbeltown</a><a
                                    itemprop="url" class="subnav__link subnav__link--lowercase"
                                    href="/c/313/highland-single-malt-scotch-whisky"
                                    title="Highland Single Malt Scotch Whisky"
                                    onclick="_gaq.push(['_trackEvent', 'Navigation', 'click', 'ScotchWhisky-ShopbyType-SingleMaltWhisky-Highland'])">Highland</a><a
                                    itemprop="url" class="subnav__link subnav__link--lowercase"
                                    href="/c/315/island-single-malt-scotch-whisky"
                                    title="Island Single Malt Scotch Whisky"
                                    onclick="_gaq.push(['_trackEvent', 'Navigation', 'click', 'ScotchWhisky-ShopbyType-SingleMaltWhisky-Island'])">Island</a><a
                                    itemprop="url" class="subnav__link subnav__link--lowercase"
                                    href="/c/50/islay-single-malt-scotch-whisky" title="Islay Single Malt Scotch Whisky"
                                    onclick="_gaq.push(['_trackEvent', 'Navigation', 'click', 'ScotchWhisky-ShopbyType-SingleMaltWhisky-Islay'])">Islay</a><a
                                    itemprop="url" class="subnav__link subnav__link--lowercase"
                                    href="/c/312/lowland-single-malt-scotch-whisky"
                                    title="Lowland Single Malt Scotch Whisky"
                                    onclick="_gaq.push(['_trackEvent', 'Navigation', 'click', 'ScotchWhisky-ShopbyType-SingleMaltWhisky-Lowland'])">Lowland</a><a
                                    itemprop="url" class="subnav__link subnav__link--lowercase"
                                    href="/c/314/speyside-single-malt-scotch-whisky"
                                    title="Speyside Single Malt Scotch Whisky"
                                    onclick="_gaq.push(['_trackEvent', 'Navigation', 'click', 'ScotchWhisky-ShopbyType-SingleMaltWhisky-Speyside'])">Speyside</a>
                                <a itemprop="url" href='/c/304/blended-scotch-whisky' class='subnav__link '
                                    title="Blended Whisky"
                                    onclick="_gaq.push(['_trackEvent', 'Navigation', 'click', 'ScotchWhisky-ShopbyType-BlendedWhisky'])">
                                    Blended Whisky
                                </a>
                                <a itemprop="url" href='/c/309/blended-malt-scotch-whisky' class='subnav__link '
                                    title="Blended Malt"
                                    onclick="_gaq.push(['_trackEvent', 'Navigation', 'click', 'ScotchWhisky-ShopbyType-BlendedMalt'])">
                                    Blended Malt
                                </a>
                                <a itemprop="url" href='/c/310/grain-scotch-whisky' class='subnav__link '
                                    title="Grain Whisky"
                                    onclick="_gaq.push(['_trackEvent', 'Navigation', 'click', 'ScotchWhisky-ShopbyType-GrainWhisky'])">
                                    Grain Whisky
                                </a>
                                <a itemprop="url" href='/d/677/organic-whisky' class='subnav__link '
                                    title="Organic Whisky"
                                    onclick="_gaq.push(['_trackEvent', 'Navigation', 'click', 'ScotchWhisky-ShopbyType-OrganicWhisky'])">
                                    Organic Whisky
                                </a>
                                <a itemprop="url" href='/c/40/single-malt-scotch-whisky?bottler=Distillery%2bBottling'
                                    class='subnav__link ' title="Distillery Bottlings"
                                    onclick="_gaq.push(['_trackEvent', 'Navigation', 'click', 'ScotchWhisky-ShopbyType-DistilleryBottlings'])">
                                    Distillery Bottlings
                                </a>
                                <a itemprop="url" href='/c/40/single-malt-scotch-whisky?bottler=Independent%2bBottling'
                                    class='subnav__link ' title="Independent Bottlings"
                                    onclick="_gaq.push(['_trackEvent', 'Navigation', 'click', 'ScotchWhisky-ShopbyType-IndependentBottlings'])">
                                    Independent Bottlings
                                </a>
                            </div>
                            <div class="subnav__column subnav__column--w20">
                                <h3 class="subnav__title">
                                    Shop by Flavour
                                </h3>
                                <a itemprop="url" href='/feature/whiskybyflavour' class='subnav__link '
                                    title="Whisky by Flavour"
                                    onclick="_gaq.push(['_trackEvent', 'Navigation', 'click', 'ScotchWhisky-ShopbyFlavour-WhiskybyFlavour'])">
                                    Whisky by Flavour
                                </a>
                                <a itemprop="url" href='/d/738/dried-fruit-and-nut'
                                    class='subnav__link subnav__link--lowercase ' title="Dried Fruit and Nut"
                                    onclick="_gaq.push(['_trackEvent', 'Navigation', 'click', 'ScotchWhisky-ShopbyFlavour-WhiskybyFlavour-DriedFruitandNut'])">
                                    Dried Fruit and Nut
                                </a>
                                <a itemprop="url" href='/d/740/elegant-and-floral'
                                    class='subnav__link subnav__link--lowercase ' title="Elegant and Floral"
                                    onclick="_gaq.push(['_trackEvent', 'Navigation', 'click', 'ScotchWhisky-ShopbyFlavour-WhiskybyFlavour-ElegantandFloral'])">
                                    Elegant and Floral
                                </a>
                                <a itemprop="url" href='/d/741/fresh-fruit-and-vanilla'
                                    class='subnav__link subnav__link--lowercase ' title="Fresh Fruit and Vanilla"
                                    onclick="_gaq.push(['_trackEvent', 'Navigation', 'click', 'ScotchWhisky-ShopbyFlavour-WhiskybyFlavour-FreshFruitandVanilla'])">
                                    Fresh Fruit and Vanilla
                                </a>
                                <a itemprop="url" href='/d/742/malt-and-honey'
                                    class='subnav__link subnav__link--lowercase ' title="Malt and Honey"
                                    onclick="_gaq.push(['_trackEvent', 'Navigation', 'click', 'ScotchWhisky-ShopbyFlavour-WhiskybyFlavour-MaltandHoney'])">
                                    Malt and Honey
                                </a>
                                <a itemprop="url" href='/d/743/maritime-and-smoky'
                                    class='subnav__link subnav__link--lowercase ' title="Maritime and Smoky"
                                    onclick="_gaq.push(['_trackEvent', 'Navigation', 'click', 'ScotchWhisky-ShopbyFlavour-WhiskybyFlavour-MaritimeandSmoky'])">
                                    Maritime and Smoky
                                </a>
                                <a itemprop="url" href='/d/744/peat-and-fruit'
                                    class='subnav__link subnav__link--lowercase ' title="Peat and Fruit"
                                    onclick="_gaq.push(['_trackEvent', 'Navigation', 'click', 'ScotchWhisky-ShopbyFlavour-WhiskybyFlavour-PeatandFruit'])">
                                    Peat and Fruit
                                </a>
                                <a itemprop="url" href='/d/745/rich-and-peaty'
                                    class='subnav__link subnav__link--lowercase ' title="Rich and Peaty"
                                    onclick="_gaq.push(['_trackEvent', 'Navigation', 'click', 'ScotchWhisky-ShopbyFlavour-WhiskybyFlavour-RichandPeaty'])">
                                    Rich and Peaty
                                </a>
                                <a itemprop="url" href='/d/746/rich-fruit-and-spice'
                                    class='subnav__link subnav__link--lowercase ' title="Rich Fruit and Spice"
                                    onclick="_gaq.push(['_trackEvent', 'Navigation', 'click', 'ScotchWhisky-ShopbyFlavour-WhiskybyFlavour-RichFruitandSpice'])">
                                    Rich Fruit and Spice
                                </a>
                            </div>
                            <div class="subnav__column subnav__column--w20">
                                <h3 class="subnav__title">
                                    Shop by Brand
                                </h3>
                                <a itemprop="url" class="subnav__link" href="/b/40/arran-single-malt-scotch-whisky"
                                    title="Arran"
                                    onclick="_gaq.push(['_trackEvent', 'Navigation', 'click', 'ScotchWhisky-ShopbyBrand-ScotchwhiskyBrands-Arran'])">Arran</a><a
                                    itemprop="url" class="subnav__link" href="/b/40/balvenie-single-malt-scotch-whisky"
                                    title="Balvenie"
                                    onclick="_gaq.push(['_trackEvent', 'Navigation', 'click', 'ScotchWhisky-ShopbyBrand-ScotchwhiskyBrands-Balvenie'])">Balvenie</a><a
                                    itemprop="url" class="subnav__link"
                                    href="/b/40/bunnahabhain-single-malt-scotch-whisky" title="Bunnahabhain"
                                    onclick="_gaq.push(['_trackEvent', 'Navigation', 'click', 'ScotchWhisky-ShopbyBrand-ScotchwhiskyBrands-Bunnahabhain'])">Bunnahabhain</a><a
                                    itemprop="url" class="subnav__link" href="/b/40/edradour-single-malt-scotch-whisky"
                                    title="Edradour"
                                    onclick="_gaq.push(['_trackEvent', 'Navigation', 'click', 'ScotchWhisky-ShopbyBrand-ScotchwhiskyBrands-Edradour'])">Edradour</a><a
                                    itemprop="url" class="subnav__link"
                                    href="/b/40/glenallachie-single-malt-scotch-whisky" title="Glenallachie"
                                    onclick="_gaq.push(['_trackEvent', 'Navigation', 'click', 'ScotchWhisky-ShopbyBrand-ScotchwhiskyBrands-Glenallachie'])">Glenallachie</a><a
                                    itemprop="url" class="subnav__link"
                                    href="/b/40/glenfiddich-single-malt-scotch-whisky" title="Glenfiddich"
                                    onclick="_gaq.push(['_trackEvent', 'Navigation', 'click', 'ScotchWhisky-ShopbyBrand-ScotchwhiskyBrands-Glenfiddich'])">Glenfiddich</a><a
                                    itemprop="url" class="subnav__link"
                                    href="/b/40/highland-park-single-malt-scotch-whisky" title="Highland Park"
                                    onclick="_gaq.push(['_trackEvent', 'Navigation', 'click', 'ScotchWhisky-ShopbyBrand-ScotchwhiskyBrands-HighlandPark'])">Highland
                                    Park</a><a itemprop="url" class="subnav__link"
                                    href="/b/40/lagavulin-single-malt-scotch-whisky" title="Lagavulin"
                                    onclick="_gaq.push(['_trackEvent', 'Navigation', 'click', 'ScotchWhisky-ShopbyBrand-ScotchwhiskyBrands-Lagavulin'])">Lagavulin</a><a
                                    itemprop="url" class="subnav__link" href="/b/40/ledaig-single-malt-scotch-whisky"
                                    title="Ledaig"
                                    onclick="_gaq.push(['_trackEvent', 'Navigation', 'click', 'ScotchWhisky-ShopbyBrand-ScotchwhiskyBrands-Ledaig'])">Ledaig</a><a
                                    itemprop="url" class="subnav__link" href="/b/40/octomore-single-malt-scotch-whisky"
                                    title="Octomore"
                                    onclick="_gaq.push(['_trackEvent', 'Navigation', 'click', 'ScotchWhisky-ShopbyBrand-ScotchwhiskyBrands-Octomore'])">Octomore</a>
                                <a itemprop="url" href='/brands/scotchwhisky'
                                    class='subnav__link subnav__link--lowercase ' title="See all brands >"
                                    onclick="_gaq.push(['_trackEvent', 'Navigation', 'click', 'ScotchWhisky-ShopbyBrand-Seeallbrands'])">
                                    See all brands >
                                </a>
                            </div>
                            <div class="subnav__column subnav__column--w20">
                                <h3 class="subnav__title">
                                    Inspire Me
                                </h3>
                                <a itemprop="url" href='/personalisedlabels' class='subnav__link subnav__link--grid '
                                    title="Personalised Labels"
                                    onclick="_gaq.push(['_trackEvent', 'Navigation', 'click', 'ScotchWhisky-InspireMe-PersonalisedLabels'])">
                                    <i class="tweicon tweicon--champagne-gifts subnav__col-icon"></i>
                                    <span class="subnav__col-title">Personalised Labels</span>
                                </a>
                                <a itemprop="url" href='/c/828/sample-gift-sets'
                                    class='subnav__link subnav__link--grid ' title="Perfect Measure Sets"
                                    onclick="_gaq.push(['_trackEvent', 'Navigation', 'click', 'ScotchWhisky-InspireMe-PerfectMeasureSets'])">
                                    <i class="tweicon tweicon--tasting subnav__col-icon"></i>
                                    <span class="subnav__col-title">Perfect Measure Sets</span>
                                </a>
                                <a itemprop="url" href='/d/890/lost-distilleries'
                                    class='subnav__link subnav__link--grid ' title="Lost Distilleries"
                                    onclick="_gaq.push(['_trackEvent', 'Navigation', 'click', 'ScotchWhisky-InspireMe-LostDistilleries'])">
                                    <i class="tweicon tweicon--oldandrare subnav__col-icon"></i>
                                    <span class="subnav__col-title">Lost Distilleries</span>
                                </a>
                                <a itemprop="url" href='/d/656/scotch-whisky-gifts'
                                    class='subnav__link subnav__link--grid ' title="Scotch Whisky Gifts"
                                    onclick="_gaq.push(['_trackEvent', 'Navigation', 'click', 'ScotchWhisky-InspireMe-ScotchWhiskyGifts'])">
                                    <i class="tweicon tweicon--whiskygifts subnav__col-icon"></i>
                                    <span class="subnav__col-title">Scotch Whisky Gifts</span>
                                </a>
                                <a itemprop="url" href='/whisky/birthday-and-anniversary'
                                    class='subnav__link subnav__link--grid ' title="Birthdays & Anniversaries"
                                    onclick="_gaq.push(['_trackEvent', 'Navigation', 'click', 'ScotchWhisky-InspireMe-BirthdaysAnniversaries'])">
                                    <i class="tweicon tweicon--birthdayandanniversaries subnav__col-icon"></i>
                                    <span class="subnav__col-title">Birthdays & Anniversaries</span>
                                </a>
                                <a itemprop="url" href='/c/306/scotch-whisky-decanters'
                                    class='subnav__link subnav__link--grid ' title="Scotch Whisky Decanters"
                                    onclick="_gaq.push(['_trackEvent', 'Navigation', 'click', 'ScotchWhisky-InspireMe-ScotchWhiskyDecanters'])">
                                    <i class="tweicon tweicon--whiskycollection subnav__col-icon"></i>
                                    <span class="subnav__col-title">Scotch Whisky Decanters</span>
                                </a>
                                <a itemprop="url" href='/c/423/whisky-books' class='subnav__link subnav__link--grid '
                                    title="Whisky Books"
                                    onclick="_gaq.push(['_trackEvent', 'Navigation', 'click', 'ScotchWhisky-InspireMe-WhiskyBooks'])">
                                    <i class="tweicon tweicon--books subnav__col-icon"></i>
                                    <span class="subnav__col-title">Whisky Books</span>
                                </a>
                                <a itemprop="url" href='/feature/whiskyoftheyear'
                                    class='subnav__link subnav__link--grid ' title="Whisky of the Year"
                                    onclick="_gaq.push(['_trackEvent', 'Navigation', 'click', 'ScotchWhisky-InspireMe-WhiskyoftheYear'])">
                                    <i class="tweicon tweicon--whiskyoftheyear subnav__col-icon"></i>
                                    <span class="subnav__col-title">Whisky of the Year</span>
                                </a>
                                <a itemprop="url" href='/p/63022/highland-nectar-scotch-whisky-liqueur'
                                    class='subnav__link subnav__link--grid ' title="Highland Nectar"
                                    onclick="_gaq.push(['_trackEvent', 'Navigation', 'click', 'ScotchWhisky-InspireMe-HighlandNectar'])">
                                    <i class="tweicon tweicon--gift subnav__col-icon"></i>
                                    <span class="subnav__col-title">Highland Nectar</span>
                                </a>
                            </div>
                        </div>
                    </div>
                </div>
                <div class="navbar__container">
                    <a itemprop="url" class="navbar__link js-navbar__link " href="/world-whisky"
                        title="World Whisky">World <span class="navbar__line">Whisky</span></a>
                    <div class="subnav js-subnav">
                        <div class="subnav__container subnav--flex-row">
                            <div class="subnav__column subnav__column--w20">
                                <a itemprop="url" href='/world-whisky'
                                    class='subnav__link subnav__link--underline subnav__link--grid' title="World Whisky"
                                    onclick="_gaq.push(['_trackEvent', 'Navigation', 'click', 'WorldWhisky-Leftcolumn-WorldWhisky'])">
                                    <i class="tweicon tweicon--home subnav__col-icon"></i>
                                    <span class="subnav__col-title">World Whisky</span>
                                </a>
                                <a itemprop="url" href='/brands/worldwhisky'
                                    class='subnav__link subnav__link--underline subnav__link--grid'
                                    title="A to Z of World Whisky"
                                    onclick="_gaq.push(['_trackEvent', 'Navigation', 'click', 'WorldWhisky-Leftcolumn-AZofWorldWhisky'])">
                                    <i class="tweicon tweicon--az subnav__col-icon"></i>
                                    <span class="subnav__col-title">A-Z of World Whisky</span>
                                </a>
                                <a itemprop="url" href='/new-products/standard-whisky'
                                    class='subnav__link subnav__link--underline subnav__link--grid' title="New Whisky"
                                    onclick="_gaq.push(['_trackEvent', 'Navigation', 'click', 'WorldWhisky-Leftcolumn-NewWhisky'])">
                                    <i class="tweicon tweicon--new subnav__col-icon"></i>
                                    <span class="subnav__col-title">New Whisky</span>
                                </a>
                                <a itemprop="url" href='/specialoffers/whisky'
                                    class='subnav__link subnav__link--underline subnav__link--grid'
                                    title="Special Offers"
                                    onclick="_gaq.push(['_trackEvent', 'Navigation', 'click', 'WorldWhisky-Leftcolumn-SpecialOffers'])">
                                    <i class="tweicon tweicon--specialoffer subnav__col-icon"></i>
                                    <span class="subnav__col-title">Special Offers</span>
                                </a>
                                <a itemprop="url" href='/exclusive-to-us'
                                    class='subnav__link subnav__link--underline subnav__link--grid'
                                    title="Exclusive Bottlings"
                                    onclick="_gaq.push(['_trackEvent', 'Navigation', 'click', 'WorldWhisky-Leftcolumn-ExclusiveBottlings'])">
                                    <i class="tweicon tweicon--exclusive subnav__col-icon"></i>
                                    <span class="subnav__col-title">Exclusive Bottlings</span>
                                </a>
                                <a itemprop="url" href='/d/872/top-10-whiskies'
                                    class='subnav__link subnav__link--underline subnav__link--grid'
                                    title="Top 10 Whiskies"
                                    onclick="_gaq.push(['_trackEvent', 'Navigation', 'click', 'WorldWhisky-Leftcolumn-Top10Whiskies'])">
                                    <i class="tweicon tweicon--whiskycollection subnav__col-icon"></i>
                                    <span class="subnav__col-title">Top 10 Whiskies</span>
                                </a>
                                <a itemprop="url" href='/p/59957/20-whiskies-that-changed-the-world-tasting-set-20x3cl'
                                    class='subnav__link subnav__link--underline subnav__link--grid'
                                    title="20 Whiskies Tasting Set"
                                    onclick="_gaq.push(['_trackEvent', 'Navigation', 'click', 'WorldWhisky-Leftcolumn-20WhiskiesTastingSet'])">
                                    <i class="tweicon tweicon--heart subnav__col-icon"></i>
                                    <span class="subnav__col-title">20 Whiskies Tasting&nbsp;Set</span>
                                </a>
                                <a itemprop="url" href='/p/61498/everything-you-need-to-know-about-whisky'
                                    class='subnav__link subnav__link--underline subnav__link--grid'
                                    title="Our Whisky Book"
                                    onclick="_gaq.push(['_trackEvent', 'Navigation', 'click', 'WorldWhisky-Leftcolumn-OurWhiskyBook'])">
                                    <i class="tweicon tweicon--books subnav__col-icon"></i>
                                    <span class="subnav__col-title">Our Whisky Book</span>
                                </a>

                            </div>
                            <div class="subnav__column subnav__column--w40">
                                <h3 class="subnav__title">
                                    Shop by Type
                                </h3>
                                <div class="subnav--flex-row">
                                    <div class="subnav__column subnav__column--w33">
                                        <a itemprop="url" href='/c/33/american-whiskey' class='subnav__link  '
                                            title="American Whiskey"
                                            onclick="_gaq.push(['_trackEvent', 'Navigation', 'click', 'WorldWhisky-ShopbyType-AmericanWhiskey'])">
                                            American Whiskey
                                        </a>
                                        <a itemprop="url" class="subnav__link subnav__link--lowercase"
                                            href="/c/639/bourbon-whiskey" title="Bourbon Whiskey"
                                            onclick="_gaq.push(['_trackEvent', 'Navigation', 'click', 'WorldWhisky-ShopbyType-AmericanWhiskey-Bourbon'])">Bourbon</a><a
                                            itemprop="url" class="subnav__link subnav__link--lowercase"
                                            href="/c/637/corn-american-whiskey" title="Corn American Whiskey"
                                            onclick="_gaq.push(['_trackEvent', 'Navigation', 'click', 'WorldWhisky-ShopbyType-AmericanWhiskey-Corn'])">Corn</a><a
                                            itemprop="url" class="subnav__link subnav__link--lowercase"
                                            href="/c/784/american-malt-whiskey" title="American Malt Whiskey"
                                            onclick="_gaq.push(['_trackEvent', 'Navigation', 'click', 'WorldWhisky-ShopbyType-AmericanWhiskey-Malt'])">Malt</a><a
                                            itemprop="url" class="subnav__link subnav__link--lowercase"
                                            href="/c/328/rye-american-whiskey" title="Rye American Whiskey"
                                            onclick="_gaq.push(['_trackEvent', 'Navigation', 'click', 'WorldWhisky-ShopbyType-AmericanWhiskey-Rye'])">Rye</a><a
                                            itemprop="url" class="subnav__link subnav__link--lowercase"
                                            href="/c/327/tennessee-whiskey" title="Tennessee Whiskey"
                                            onclick="_gaq.push(['_trackEvent', 'Navigation', 'click', 'WorldWhisky-ShopbyType-AmericanWhiskey-Tennessee'])">Tennessee</a><a
                                            itemprop="url" class="subnav__link subnav__link--lowercase"
                                            href="/c/638/wheat-american-whiskey" title="Wheat American Whiskey"
                                            onclick="_gaq.push(['_trackEvent', 'Navigation', 'click', 'WorldWhisky-ShopbyType-AmericanWhiskey-Wheat'])">Wheat</a><a
                                            itemprop="url" class="subnav__link subnav__link--lowercase"
                                            href="/c/640/white-dog-american-whiskey" title="White Dog American Whiskey"
                                            onclick="_gaq.push(['_trackEvent', 'Navigation', 'click', 'WorldWhisky-ShopbyType-AmericanWhiskey-WhiteDog'])">White
                                            Dog</a><a itemprop="url" class="subnav__link subnav__link--lowercase"
                                            href="/c/498/other-american-whiskey" title="Other American Whiskey"
                                            onclick="_gaq.push(['_trackEvent', 'Navigation', 'click', 'WorldWhisky-ShopbyType-AmericanWhiskey-OtherAmerican'])">Other
                                            American</a>
                                        <a itemprop="url" href='/c/34/canadian-whisky' class='subnav__link '
                                            title="Canadian Whisky"
                                            onclick="_gaq.push(['_trackEvent', 'Navigation', 'click', 'WorldWhisky-ShopbyType-CanadianWhisky'])">
                                            Canadian Whisky
                                        </a>
                                        <a itemprop="url" href='/c/317/indian-whisky' class='subnav__link '
                                            title="Indian Whisky"
                                            onclick="_gaq.push(['_trackEvent', 'Navigation', 'click', 'WorldWhisky-ShopbyType-IndianWhisky'])">
                                            Indian Whisky
                                        </a>
                                    </div>
                                    <div class="subnav__column subnav__column--w33">
                                        <a itemprop="url" href='/c/35/japanese-whisky' class='subnav__link '
                                            title="Japanese Whisky"
                                            onclick="_gaq.push(['_trackEvent', 'Navigation', 'click', 'WorldWhisky-ShopbyType-JapaneseWhisky'])">
                                            Japanese Whisky
                                        </a>
                                        <a itemprop="url" href='/c/32/irish-whiskey' class='subnav__link  '
                                            title="Irish Whiskey"
                                            onclick="_gaq.push(['_trackEvent', 'Navigation', 'click', 'WorldWhisky-ShopbyType-IrishWhiskey'])">
                                            Irish Whiskey
                                        </a>
                                        <a itemprop="url" class="subnav__link subnav__link--lowercase"
                                            href="/c/321/blended-irish-whiskey" title="Blended Irish Whiskey"
                                            onclick="_gaq.push(['_trackEvent', 'Navigation', 'click', 'WorldWhisky-ShopbyType-IrishWhiskey-Blended'])">Blended</a><a
                                            itemprop="url" class="subnav__link subnav__link--lowercase"
                                            href="/c/323/single-grain-irish-whiskey" title="Single Grain Irish Whiskey"
                                            onclick="_gaq.push(['_trackEvent', 'Navigation', 'click', 'WorldWhisky-ShopbyType-IrishWhiskey-SingleGrain'])">Single
                                            Grain</a><a itemprop="url" class="subnav__link subnav__link--lowercase"
                                            href="/c/320/single-malt-irish-whiskey" title="Single Malt Irish Whiskey"
                                            onclick="_gaq.push(['_trackEvent', 'Navigation', 'click', 'WorldWhisky-ShopbyType-IrishWhiskey-SingleMalt'])">Single
                                            Malt</a><a itemprop="url" class="subnav__link subnav__link--lowercase"
                                            href="/c/322/single-pot-still-irish-whiskey"
                                            title="Single Pot Still Irish Whiskey"
                                            onclick="_gaq.push(['_trackEvent', 'Navigation', 'click', 'WorldWhisky-ShopbyType-IrishWhiskey-SinglePotStill'])">Single
                                            Pot Still</a>
                                        <a itemprop="url" href='/c/493/english-whisky' class='subnav__link '
                                            title="English Whisky"
                                            onclick="_gaq.push(['_trackEvent', 'Navigation', 'click', 'WorldWhisky-ShopbyType-EnglishWhisky'])">
                                            English Whisky
                                        </a>
                                        <a itemprop="url" href='/c/540/taiwanese-whisky' class='subnav__link '
                                            title="Taiwanese Whisky"
                                            onclick="_gaq.push(['_trackEvent', 'Navigation', 'click', 'WorldWhisky-ShopbyType-TaiwaneseWhisky'])">
                                            Taiwanese Whisky
                                        </a>
                                        <a itemprop="url" href='/d/677/organic-whisky' class='subnav__link '
                                            title="Organic Whisky"
                                            onclick="_gaq.push(['_trackEvent', 'Navigation', 'click', 'WorldWhisky-ShopbyType-OrganicWhisky'])">
                                            Organic Whisky
                                        </a>
                                        <a itemprop="url" href='/c/517/malt-spirits' class='subnav__link '
                                            title="Malt Spirits"
                                            onclick="_gaq.push(['_trackEvent', 'Navigation', 'click', 'WorldWhisky-ShopbyType-MaltSpirits'])">
                                            Malt Spirits
                                        </a>
                                    </div>
                                    <div class="subnav__column subnav__column--w33">
                                        <a itemprop="url" href='/c/305/rest-of-the-world-whisky' class='subnav__link  '
                                            title="Rest of the World"
                                            onclick="_gaq.push(['_trackEvent', 'Navigation', 'click', 'WorldWhisky-ShopbyType-RestoftheWorld'])">
                                            Rest of the World
                                        </a>
                                        <a itemprop="url" class="subnav__link subnav__link--lowercase"
                                            href="/c/453/australian-whisky" title="Australian Whisky"
                                            onclick="_gaq.push(['_trackEvent', 'Navigation', 'click', 'WorldWhisky-ShopbyType-RestoftheWorld-Australian'])">Australian</a><a
                                            itemprop="url" class="subnav__link subnav__link--lowercase"
                                            href="/c/1107/blends" title="Blends"
                                            onclick="_gaq.push(['_trackEvent', 'Navigation', 'click', 'WorldWhisky-ShopbyType-RestoftheWorld-Blends'])">Blends</a><a
                                            itemprop="url" class="subnav__link subnav__link--lowercase"
                                            href="/c/839/belgian-whisky" title="Belgian Whisky"
                                            onclick="_gaq.push(['_trackEvent', 'Navigation', 'click', 'WorldWhisky-ShopbyType-RestoftheWorld-Belgian'])">Belgian</a><a
                                            itemprop="url" class="subnav__link subnav__link--lowercase"
                                            href="/c/523/czech-whisky" title="Czech Whisky"
                                            onclick="_gaq.push(['_trackEvent', 'Navigation', 'click', 'WorldWhisky-ShopbyType-RestoftheWorld-Czech'])">Czech</a><a
                                            itemprop="url" class="subnav__link subnav__link--lowercase"
                                            href="/c/733/danish-whisky" title="Danish Whisky"
                                            onclick="_gaq.push(['_trackEvent', 'Navigation', 'click', 'WorldWhisky-ShopbyType-RestoftheWorld-Danish'])">Danish</a><a
                                            itemprop="url" class="subnav__link subnav__link--lowercase"
                                            href="/c/481/dutch-whisky" title="Dutch Whisky"
                                            onclick="_gaq.push(['_trackEvent', 'Navigation', 'click', 'WorldWhisky-ShopbyType-RestoftheWorld-Dutch'])">Dutch</a><a
                                            itemprop="url" class="subnav__link subnav__link--lowercase"
                                            href="/c/520/finnish-whisky" title="Finnish Whisky"
                                            onclick="_gaq.push(['_trackEvent', 'Navigation', 'click', 'WorldWhisky-ShopbyType-RestoftheWorld-Finnish'])">Finnish</a><a
                                            itemprop="url" class="subnav__link subnav__link--lowercase"
                                            href="/c/477/french-whisky" title="French Whisky"
                                            onclick="_gaq.push(['_trackEvent', 'Navigation', 'click', 'WorldWhisky-ShopbyType-RestoftheWorld-French'])">French</a><a
                                            itemprop="url" class="subnav__link subnav__link--lowercase"
                                            href="/c/610/german-whisky" title="German Whisky"
                                            onclick="_gaq.push(['_trackEvent', 'Navigation', 'click', 'WorldWhisky-ShopbyType-RestoftheWorld-German'])">German</a><a
                                            itemprop="url" class="subnav__link subnav__link--lowercase"
                                            href="/c/921/israeli-whisky" title="Israeli Whisky"
                                            onclick="_gaq.push(['_trackEvent', 'Navigation', 'click', 'WorldWhisky-ShopbyType-RestoftheWorld-Israeli'])">Israeli</a><a
                                            itemprop="url" class="subnav__link subnav__link--lowercase"
                                            href="/c/318/new-zealand-whisky" title="New Zealand Whisky"
                                            onclick="_gaq.push(['_trackEvent', 'Navigation', 'click', 'WorldWhisky-ShopbyType-RestoftheWorld-NewZealand'])">New
                                            Zealand</a><a itemprop="url" class="subnav__link subnav__link--lowercase"
                                            href="/c/1062/mexican-whisky" title="Mexican Whisky"
                                            onclick="_gaq.push(['_trackEvent', 'Navigation', 'click', 'WorldWhisky-ShopbyType-RestoftheWorld-Mexican'])">Mexican</a><a
                                            itemprop="url" class="subnav__link subnav__link--lowercase"
                                            href="/c/1150/norwegian-whisky" title="Norwegian Whisky"
                                            onclick="_gaq.push(['_trackEvent', 'Navigation', 'click', 'WorldWhisky-ShopbyType-RestoftheWorld-Norwegian'])">Norwegian</a><a
                                            itemprop="url" class="subnav__link subnav__link--lowercase"
                                            href="/c/516/south-african-whisky" title="South African Whisky"
                                            onclick="_gaq.push(['_trackEvent', 'Navigation', 'click', 'WorldWhisky-ShopbyType-RestoftheWorld-SouthAfrican'])">South
                                            African</a><a itemprop="url" class="subnav__link subnav__link--lowercase"
                                            href="/c/652/spanish-whisky" title="Spanish Whisky"
                                            onclick="_gaq.push(['_trackEvent', 'Navigation', 'click', 'WorldWhisky-ShopbyType-RestoftheWorld-Spanish'])">Spanish</a><a
                                            itemprop="url" class="subnav__link subnav__link--lowercase"
                                            href="/c/329/swedish-whisky" title="Swedish Whisky"
                                            onclick="_gaq.push(['_trackEvent', 'Navigation', 'click', 'WorldWhisky-ShopbyType-RestoftheWorld-Swedish'])">Swedish</a><a
                                            itemprop="url" class="subnav__link subnav__link--lowercase"
                                            href="/c/755/swiss-whisky" title="Swiss Whisky"
                                            onclick="_gaq.push(['_trackEvent', 'Navigation', 'click', 'WorldWhisky-ShopbyType-RestoftheWorld-Swiss'])">Swiss</a><a
                                            itemprop="url" class="subnav__link subnav__link--lowercase"
                                            href="/c/319/welsh-whisky" title="Welsh Whisky"
                                            onclick="_gaq.push(['_trackEvent', 'Navigation', 'click', 'WorldWhisky-ShopbyType-RestoftheWorld-Welsh'])">Welsh</a>
                                    </div>
                                </div>
                            </div>
                            <div class="subnav__column subnav__column--w20">
                                <h3 class="subnav__title">
                                    Shop by Brand
                                </h3>
                                <a itemprop="url" href='/b/305/amrut-rest-of-the-world-whisky' class='subnav__link '
                                    title="Amrut"
                                    onclick="_gaq.push(['_trackEvent', 'Navigation', 'click', 'WorldWhisky-ShopbyBrand-Amrut'])">
                                    Amrut
                                </a>
                                <a itemprop="url" href='/b/35/suntory-hibiki-japanese-whisky' class='subnav__link '
                                    title="Hibiki"
                                    onclick="_gaq.push(['_trackEvent', 'Navigation', 'click', 'WorldWhisky-ShopbyBrand-Hibiki'])">
                                    Hibiki
                                </a>
                                <a itemprop="url" href='/b/33/jack-daniels-american-whiskey' class='subnav__link '
                                    title="Jack Daniel's"
                                    onclick="_gaq.push(['_trackEvent', 'Navigation', 'click', 'WorldWhisky-ShopbyBrand-JackDaniels'])">
                                    Jack Daniel's
                                </a>
                                <a itemprop="url" href='/b/305/kavalan-rest-of-the-world-whisky' class='subnav__link '
                                    title="Kavalan"
                                    onclick="_gaq.push(['_trackEvent', 'Navigation', 'click', 'WorldWhisky-ShopbyBrand-Kavalan'])">
                                    Kavalan
                                </a>
                                <a itemprop="url" href='/b/33/makers-mark-american-whiskey' class='subnav__link '
                                    title="Maker's Mark"
                                    onclick="_gaq.push(['_trackEvent', 'Navigation', 'click', 'WorldWhisky-ShopbyBrand-MakersMark'])">
                                    Maker's Mark
                                </a>
                                <a itemprop="url" href='/b/35/miyagikyo-japanese-whisky' class='subnav__link '
                                    title="Miyagikyo"
                                    onclick="_gaq.push(['_trackEvent', 'Navigation', 'click', 'WorldWhisky-ShopbyBrand-Miyagikyo'])">
                                    Miyagikyo
                                </a>
                                <a itemprop="url" href='/b/305/nikka-rest-of-the-world-whisky' class='subnav__link '
                                    title="Nikka"
                                    onclick="_gaq.push(['_trackEvent', 'Navigation', 'click', 'WorldWhisky-ShopbyBrand-Nikka'])">
                                    Nikka
                                </a>
                                <a itemprop="url" href='/b/32/redbreast-irish-whiskey' class='subnav__link '
                                    title="Redbreast"
                                    onclick="_gaq.push(['_trackEvent', 'Navigation', 'click', 'WorldWhisky-ShopbyBrand-Redbreast'])">
                                    Redbreast
                                </a>
                                <a itemprop="url" href='/b/32/teeling-irish-whiskey' class='subnav__link '
                                    title="Teeling"
                                    onclick="_gaq.push(['_trackEvent', 'Navigation', 'click', 'WorldWhisky-ShopbyBrand-Teeling'])">
                                    Teeling
                                </a>
                                <a itemprop="url" href='/b/33/woodford-reserve-american-whiskey' class='subnav__link '
                                    title="Woodford Reserve"
                                    onclick="_gaq.push(['_trackEvent', 'Navigation', 'click', 'WorldWhisky-ShopbyBrand-WoodfordReserve'])">
                                    Woodford Reserve
                                </a>
                                <a itemprop="url" href='/b/35/yamazaki-japanese-whisky' class='subnav__link '
                                    title="Yamazaki"
                                    onclick="_gaq.push(['_trackEvent', 'Navigation', 'click', 'WorldWhisky-ShopbyBrand-Yamazaki'])">
                                    Yamazaki
                                </a>
                                <a itemprop="url" href='/b/35/yoichi-japanese-whisky' class='subnav__link '
                                    title="Yoichi"
                                    onclick="_gaq.push(['_trackEvent', 'Navigation', 'click', 'WorldWhisky-ShopbyBrand-Yoichi'])">
                                    Yoichi
                                </a>
                                <a itemprop="url" href='/brands/worldwhisky'
                                    class='subnav__link subnav__link--lowercase ' title="See all brands >"
                                    onclick="_gaq.push(['_trackEvent', 'Navigation', 'click', 'WorldWhisky-ShopbyBrand-Seeallbrands'])">
                                    See all brands >
                                </a>
                            </div>
                            <div class="subnav__column subnav__column--w20">
                                <h3 class="subnav__title">
                                    Inspire Me
                                </h3>
                                <a itemprop="url" href='/c/828/sample-gift-sets'
                                    class='subnav__link subnav__link--grid ' title="Perfect Measure Sets"
                                    onclick="_gaq.push(['_trackEvent', 'Navigation', 'click', 'WorldWhisky-InspireMe-PerfectMeasureSets'])">
                                    <i class="tweicon tweicon--tasting subnav__col-icon"></i>
                                    <span class="subnav__col-title">Perfect Measure Sets</span>
                                </a>
                                <a itemprop="url" href='/feature/whiskybyflavour'
                                    class='subnav__link subnav__link--grid ' title="Whisky by Flavour"
                                    onclick="_gaq.push(['_trackEvent', 'Navigation', 'click', 'WorldWhisky-InspireMe-WhiskybyFlavour'])">
                                    <i class="tweicon tweicon--whiskycollection subnav__col-icon"></i>
                                    <span class="subnav__col-title">Whisky by Flavour</span>
                                </a>
                                <a itemprop="url" href='/d/657/world-whisky-gifts'
                                    class='subnav__link subnav__link--grid ' title="World Whisky Gifts"
                                    onclick="_gaq.push(['_trackEvent', 'Navigation', 'click', 'WorldWhisky-InspireMe-WorldWhiskyGifts'])">
                                    <i class="tweicon tweicon--whiskygifts subnav__col-icon"></i>
                                    <span class="subnav__col-title">World Whisky Gifts</span>
                                </a>
                                <a itemprop="url" href='/whisky/birthday-and-anniversary'
                                    class='subnav__link subnav__link--grid ' title="Birthdays & Anniversaries"
                                    onclick="_gaq.push(['_trackEvent', 'Navigation', 'click', 'WorldWhisky-InspireMe-BirthdaysAnniversaries'])">
                                    <i class="tweicon tweicon--birthdayandanniversaries subnav__col-icon"></i>
                                    <span class="subnav__col-title">Birthdays & Anniversaries</span>
                                </a>
                            </div>
                        </div>
                    </div>
                </div>
                <div class="navbar__container">
                    <a itemprop="url" class="navbar__link js-navbar__link " href="/spirits-and-liqueurs"
                        title="Spirits &amp; Liqueurs">Spirits <span class="navbar__line">&amp;&nbsp;Liqueurs</span></a>
                    <div class="subnav js-subnav">
                        <div class="subnav__container subnav--flex-row">
                            <div class="subnav__column subnav__column--w20">
                                <a itemprop="url" href='/spirits-and-liqueurs'
                                    class='subnav__link subnav__link--underline subnav__link--grid'
                                    title="Spirits &amp; Liqueurs"
                                    onclick="_gaq.push(['_trackEvent', 'Navigation', 'click', 'SpiritsLiqueurs-Leftcolumn-SpiritsLiqueurs'])">
                                    <i class="tweicon tweicon--home subnav__col-icon"></i>
                                    <span class="subnav__col-title">Spirits &amp; Liqueurs</span>
                                </a>
                                <a itemprop="url" href='/brands/spirits'
                                    class='subnav__link subnav__link--underline subnav__link--grid'
                                    title="A-Z of Spirits"
                                    onclick="_gaq.push(['_trackEvent', 'Navigation', 'click', 'SpiritsLiqueurs-Leftcolumn-AZofSpirits'])">
                                    <i class="tweicon tweicon--az subnav__col-icon"></i>
                                    <span class="subnav__col-title">A-Z of Spirits</span>
                                </a>
                                <a itemprop="url" href='/new-products/spirits-and-liqueurs'
                                    class='subnav__link subnav__link--underline subnav__link--grid' title="New Spirits"
                                    onclick="_gaq.push(['_trackEvent', 'Navigation', 'click', 'SpiritsLiqueurs-Leftcolumn-NewSpirits'])">
                                    <i class="tweicon tweicon--new subnav__col-icon"></i>
                                    <span class="subnav__col-title">New Spirits</span>
                                </a>
                                <a itemprop="url" href='/specialoffers/spirits'
                                    class='subnav__link subnav__link--underline subnav__link--grid'
                                    title="Special Offers"
                                    onclick="_gaq.push(['_trackEvent', 'Navigation', 'click', 'SpiritsLiqueurs-Leftcolumn-SpecialOffers'])">
                                    <i class="tweicon tweicon--specialoffer subnav__col-icon"></i>
                                    <span class="subnav__col-title">Special Offers</span>
                                </a>
                                <a itemprop="url" href='/exclusive-to-us'
                                    class='subnav__link subnav__link--underline subnav__link--grid'
                                    title="Exclusive Bottlings"
                                    onclick="_gaq.push(['_trackEvent', 'Navigation', 'click', 'SpiritsLiqueurs-Leftcolumn-ExclusiveBottlings'])">
                                    <i class="tweicon tweicon--exclusive subnav__col-icon"></i>
                                    <span class="subnav__col-title">Exclusive Bottlings</span>
                                </a>
                                <a itemprop="url" href='/cocktails'
                                    class='subnav__link subnav__link--underline subnav__link--grid'
                                    title="Cocktail recipes"
                                    onclick="_gaq.push(['_trackEvent', 'Navigation', 'click', 'SpiritsLiqueurs-Leftcolumn-Cocktailrecipes'])">
                                    <i class="tweicon tweicon--cocktailglasses subnav__col-icon"></i>
                                    <span class="subnav__col-title">Cocktail recipes</span>
                                </a>
                                <a itemprop="url" href='/d/874/top-10-gins'
                                    class='subnav__link subnav__link--underline subnav__link--grid' title="Top 10 Gins"
                                    onclick="_gaq.push(['_trackEvent', 'Navigation', 'click', 'SpiritsLiqueurs-Leftcolumn-Top10Gins'])">
                                    <i class="tweicon tweicon--whiskycollection subnav__col-icon"></i>
                                    <span class="subnav__col-title">Top 10 Gins</span>
                                </a>
                                <a itemprop="url" href='/d/873/top-10-rums'
                                    class='subnav__link subnav__link--underline subnav__link--grid' title="Top 10 Rums"
                                    onclick="_gaq.push(['_trackEvent', 'Navigation', 'click', 'SpiritsLiqueurs-Leftcolumn-Top10Rums'])">
                                    <i class="tweicon tweicon--whiskycollection subnav__col-icon"></i>
                                    <span class="subnav__col-title">Top 10 Rums</span>
                                </a>
                                <a itemprop="url" href='/d/871/top-10-cognacs'
                                    class='subnav__link subnav__link--underline subnav__link--grid'
                                    title="Top 10 Cognacs"
                                    onclick="_gaq.push(['_trackEvent', 'Navigation', 'click', 'SpiritsLiqueurs-Leftcolumn-Top10Cognacs'])">
                                    <i class="tweicon tweicon--whiskycollection subnav__col-icon"></i>
                                    <span class="subnav__col-title">Top 10 Cognacs</span>
                                </a>
                                <a itemprop="url" href='/d/875/top-10-liqueurs'
                                    class='subnav__link subnav__link--underline subnav__link--grid'
                                    title="Top 10 Liqueurs"
                                    onclick="_gaq.push(['_trackEvent', 'Navigation', 'click', 'SpiritsLiqueurs-Leftcolumn-Top10Liqueurs'])">
                                    <i class="tweicon tweicon--whiskycollection subnav__col-icon"></i>
                                    <span class="subnav__col-title">Top 10 Liqueurs</span>
                                </a>
                                <a itemprop="url" href='/d/909/top-10-vermouths'
                                    class='subnav__link subnav__link--underline subnav__link--grid'
                                    title="Top 10 Vermouths"
                                    onclick="_gaq.push(['_trackEvent', 'Navigation', 'click', 'SpiritsLiqueurs-Leftcolumn-Top10Vermouths'])">
                                    <i class="tweicon tweicon--whiskycollection subnav__col-icon"></i>
                                    <span class="subnav__col-title">Top 10 Vermouths</span>

                                </a>
                            </div>
                            <div class="subnav__column subnav__column--w60">
                                <h3 class="subnav__title">
                                    Shop by Spirit
                                </h3>
                                <div class="subnav--flex-row">
                                    <div class="subnav__column subnav__column--w25">
                                        <a itemprop="url" href='/c/351/cognac' class='subnav__link  ' title="Cognac"
                                            onclick="_gaq.push(['_trackEvent', 'Navigation', 'click', 'SpiritsLiqueurs-ShopbySpirit-Cognac'])">
                                            Cognac
                                        </a>
                                        <a itemprop="url" class="subnav__link subnav__link--lowercase"
                                            href="/c/352/vs-cognac" title="VS Cognac"
                                            onclick="_gaq.push(['_trackEvent', 'Navigation', 'click', 'SpiritsLiqueurs-ShopbySpirit-Cognac-VS'])">VS</a><a
                                            itemprop="url" class="subnav__link subnav__link--lowercase"
                                            href="/c/354/vsop-cognac" title="VSOP Cognac"
                                            onclick="_gaq.push(['_trackEvent', 'Navigation', 'click', 'SpiritsLiqueurs-ShopbySpirit-Cognac-VSOP'])">VSOP</a><a
                                            itemprop="url" class="subnav__link subnav__link--lowercase"
                                            href="/c/433/xo-and-napoleon-cognac" title="XO and Napoléon Cognac"
                                            onclick="_gaq.push(['_trackEvent', 'Navigation', 'click', 'SpiritsLiqueurs-ShopbySpirit-Cognac-XOandNapolon'])">XO
                                            and Napoléon</a><a itemprop="url"
                                            class="subnav__link subnav__link--lowercase"
                                            href="/c/432/special-cuvee-cognac" title="Special Cuvée Cognac"
                                            onclick="_gaq.push(['_trackEvent', 'Navigation', 'click', 'SpiritsLiqueurs-ShopbySpirit-Cognac-SpecialCuve'])">Special
                                            Cuvée</a><a itemprop="url" class="subnav__link subnav__link--lowercase"
                                            href="/c/628/vintage-cognac" title="Vintage Cognac"
                                            onclick="_gaq.push(['_trackEvent', 'Navigation', 'click', 'SpiritsLiqueurs-ShopbySpirit-Cognac-Vintage'])">Vintage</a><a
                                            itemprop="url" class="subnav__link subnav__link--lowercase"
                                            href="/c/353/prestige-cognac" title="Prestige Cognac"
                                            onclick="_gaq.push(['_trackEvent', 'Navigation', 'click', 'SpiritsLiqueurs-ShopbySpirit-Cognac-Prestige'])">Prestige</a>
                                        <a itemprop="url" href='/c/355/armagnac' class='subnav__link  ' title="Armagnac"
                                            onclick="_gaq.push(['_trackEvent', 'Navigation', 'click', 'SpiritsLiqueurs-ShopbySpirit-Armagnac'])">
                                            Armagnac
                                        </a>
                                        <a itemprop="url" class="subnav__link subnav__link--lowercase"
                                            href="/c/356/cuvee-armagnac" title="Cuvee Armagnac"
                                            onclick="_gaq.push(['_trackEvent', 'Navigation', 'click', 'SpiritsLiqueurs-ShopbySpirit-Armagnac-Cuve'])">Cuvée</a><a
                                            itemprop="url" class="subnav__link subnav__link--lowercase"
                                            href="/c/357/vintage-armagnac" title="Vintage Armagnac"
                                            onclick="_gaq.push(['_trackEvent', 'Navigation', 'click', 'SpiritsLiqueurs-ShopbySpirit-Armagnac-Vintage'])">Vintage</a>
                                        <a itemprop="url" href='/c/369/calvados-and-cider-brandy' class='subnav__link  '
                                            title="Calvados/Cider Brandy"
                                            onclick="_gaq.push(['_trackEvent', 'Navigation', 'click', 'SpiritsLiqueurs-ShopbySpirit-CalvadosCiderBrandy'])">
                                            Calvados/Cider Brandy
                                        </a>
                                        <a itemprop="url" href='/c/367/brandy-marc-and-korn' class='subnav__link  '
                                            title="Brandy/Marc"
                                            onclick="_gaq.push(['_trackEvent', 'Navigation', 'click', 'SpiritsLiqueurs-ShopbySpirit-BrandyMarc'])">
                                            Brandy/Marc
                                        </a>
                                        <a itemprop="url" href='/c/335/vodka' class='subnav__link  ' title="Vodka"
                                            onclick="_gaq.push(['_trackEvent', 'Navigation', 'click', 'SpiritsLiqueurs-ShopbySpirit-Vodka'])">
                                            Vodka
                                        </a>
                                        <a itemprop="url" class="subnav__link subnav__link--lowercase"
                                            href="/c/336/plain-vodka" title="Plain Vodka"
                                            onclick="_gaq.push(['_trackEvent', 'Navigation', 'click', 'SpiritsLiqueurs-ShopbySpirit-Vodka-Plain'])">Plain</a><a
                                            itemprop="url" class="subnav__link subnav__link--lowercase"
                                            href="/c/337/flavoured-vodka" title="Flavoured Vodka"
                                            onclick="_gaq.push(['_trackEvent', 'Navigation', 'click', 'SpiritsLiqueurs-ShopbySpirit-Vodka-Flavoured'])">Flavoured</a>
                                        <a itemprop="url" href='/d/676/organic-spirits' class='subnav__link  '
                                            title="Organic Spirits"
                                            onclick="_gaq.push(['_trackEvent', 'Navigation', 'click', 'SpiritsLiqueurs-ShopbySpirit-OrganicSpirits'])">
                                            Organic Spirits
                                        </a>
                                    </div>
                                    <div class="subnav__column subnav__column--w25">
                                        <a itemprop="url" href='/c/339/rum' class='subnav__link ' title="Rum"
                                            onclick="_gaq.push(['_trackEvent', 'Navigation', 'click', 'SpiritsLiqueurs-ShopbySpirit-Rum'])">
                                            Rum
                                        </a>
                                        <a itemprop="url" href='/c/340/white-rum'
                                            class='subnav__link subnav__link--lowercase ' title="White"
                                            onclick="_gaq.push(['_trackEvent', 'Navigation', 'click', 'SpiritsLiqueurs-ShopbySpirit-Rum-White'])">
                                            White
                                        </a>
                                        <a itemprop="url" href='/c/518/golden-rum'
                                            class='subnav__link subnav__link--lowercase ' title="Golden"
                                            onclick="_gaq.push(['_trackEvent', 'Navigation', 'click', 'SpiritsLiqueurs-ShopbySpirit-Rum-Golden'])">
                                            Golden
                                        </a>
                                        <a itemprop="url" href='/c/342/dark-rum'
                                            class='subnav__link subnav__link--lowercase ' title="Dark"
                                            onclick="_gaq.push(['_trackEvent', 'Navigation', 'click', 'SpiritsLiqueurs-ShopbySpirit-Rum-Dark'])">
                                            Dark
                                        </a>
                                        <a itemprop="url" href='/c/589/spicedflavoured-rum'
                                            class='subnav__link subnav__link--lowercase ' title="Spiced/Flavoured"
                                            onclick="_gaq.push(['_trackEvent', 'Navigation', 'click', 'SpiritsLiqueurs-ShopbySpirit-Rum-SpicedFlavoured'])">
                                            Spiced/Flavoured
                                        </a>
                                        <a itemprop="url" href='#' class='subnav__link ' title="Single Rum"
                                            onclick="_gaq.push(['_trackEvent', 'Navigation', 'click', 'SpiritsLiqueurs-ShopbySpirit-SingleRum'])">
                                            Single Rum
                                        </a>
                                        <a itemprop="url" href='/c/966/single-modernist-rum'
                                            class='subnav__link subnav__link--lowercase ' title="Modernist"
                                            onclick="_gaq.push(['_trackEvent', 'Navigation', 'click', 'SpiritsLiqueurs-ShopbySpirit-SingleRum-Modernist'])">
                                            Modernist
                                        </a>
                                        <a itemprop="url" href='/c/968/single-traditional-pot-rum'
                                            class='subnav__link subnav__link--lowercase ' title="Traditional Pot"
                                            onclick="_gaq.push(['_trackEvent', 'Navigation', 'click', 'SpiritsLiqueurs-ShopbySpirit-SingleRum-TraditionalPot'])">
                                            Traditional Pot
                                        </a>
                                        <a itemprop="url" href='/c/963/single-traditional-column-rum'
                                            class='subnav__link subnav__link--lowercase ' title="Traditional Column"
                                            onclick="_gaq.push(['_trackEvent', 'Navigation', 'click', 'SpiritsLiqueurs-ShopbySpirit-SingleRum-TraditionalColumn'])">
                                            Traditional Column
                                        </a>
                                        <a itemprop="url" href='/c/965/single-traditional-blended-rum'
                                            class='subnav__link subnav__link--lowercase ' title="Traditional Blended"
                                            onclick="_gaq.push(['_trackEvent', 'Navigation', 'click', 'SpiritsLiqueurs-ShopbySpirit-SingleRum-TraditionalBlended'])">
                                            Traditional Blended
                                        </a>
                                        <a itemprop="url" href='#' class='subnav__link ' title="Blended Rum"
                                            onclick="_gaq.push(['_trackEvent', 'Navigation', 'click', 'SpiritsLiqueurs-ShopbySpirit-BlendedRum'])">
                                            Blended Rum
                                        </a>
                                        <a itemprop="url" href='/c/967/blended-modernist-rum'
                                            class='subnav__link subnav__link--lowercase ' title="Modernist"
                                            onclick="_gaq.push(['_trackEvent', 'Navigation', 'click', 'SpiritsLiqueurs-ShopbySpirit-BlendedRum-Modernist'])">
                                            Modernist
                                        </a>
                                        <a itemprop="url" href='/c/964/blended-traditionalist-rum'
                                            class='subnav__link subnav__link--lowercase ' title="Traditionalist"
                                            onclick="_gaq.push(['_trackEvent', 'Navigation', 'click', 'SpiritsLiqueurs-ShopbySpirit-BlendedRum-Traditionalist'])">
                                            Traditionalist
                                        </a>
                                        <a itemprop="url" href='/feature/rumbyflavour' class='subnav__link '
                                            title="Rum By Flavour"
                                            onclick="_gaq.push(['_trackEvent', 'Navigation', 'click', 'SpiritsLiqueurs-ShopbySpirit-RumByFlavour'])">
                                            Rum By Flavour
                                        </a>
                                        <a itemprop="url" href='/c/368/cachaca' class='subnav__link  ' title="Cachaca"
                                            onclick="_gaq.push(['_trackEvent', 'Navigation', 'click', 'SpiritsLiqueurs-ShopbySpirit-Cachaca'])">
                                            Cachaca
                                        </a>
                                        <a itemprop="url" href='/c/931/aguardiente' class='subnav__link  '
                                            title="Aguardiente"
                                            onclick="_gaq.push(['_trackEvent', 'Navigation', 'click', 'SpiritsLiqueurs-ShopbySpirit-Aguardiente'])">
                                            Aguardiente
                                        </a>
                                    </div>
                                    <div class="subnav__column subnav__column--w25">
                                        <a itemprop="url" href='/c/338/gin' class='subnav__link  ' title="Gin"
                                            onclick="_gaq.push(['_trackEvent', 'Navigation', 'click', 'SpiritsLiqueurs-ShopbySpirit-Gin'])">
                                            Gin
                                        </a>
                                        <a itemprop="url" class="subnav__link subnav__link--lowercase"
                                            href="/c/692/london-dry-gin" title="London Dry Gin"
                                            onclick="_gaq.push(['_trackEvent', 'Navigation', 'click', 'SpiritsLiqueurs-ShopbySpirit-Gin-LondonDryGin'])">London
                                            Dry Gin</a><a itemprop="url" class="subnav__link subnav__link--lowercase"
                                            href="/c/854/old-tom-gin" title="Old Tom Gin"
                                            onclick="_gaq.push(['_trackEvent', 'Navigation', 'click', 'SpiritsLiqueurs-ShopbySpirit-Gin-OldTomGin'])">Old
                                            Tom Gin</a><a itemprop="url" class="subnav__link subnav__link--lowercase"
                                            href="/c/862/english-gin" title="English Gin"
                                            onclick="_gaq.push(['_trackEvent', 'Navigation', 'click', 'SpiritsLiqueurs-ShopbySpirit-Gin-EnglishGin'])">English
                                            Gin</a><a itemprop="url" class="subnav__link subnav__link--lowercase"
                                            href="/c/853/scottish-gin" title="Scottish Gin"
                                            onclick="_gaq.push(['_trackEvent', 'Navigation', 'click', 'SpiritsLiqueurs-ShopbySpirit-Gin-ScottishGin'])">Scottish
                                            Gin</a><a itemprop="url" class="subnav__link subnav__link--lowercase"
                                            href="/c/855/world-gin" title="World Gin"
                                            onclick="_gaq.push(['_trackEvent', 'Navigation', 'click', 'SpiritsLiqueurs-ShopbySpirit-Gin-WorldGin'])">World
                                            Gin</a><a itemprop="url" class="subnav__link subnav__link--lowercase"
                                            href="/c/693/flavoured-gin-liqueurs" title="Flavoured Gin Liqueurs"
                                            onclick="_gaq.push(['_trackEvent', 'Navigation', 'click', 'SpiritsLiqueurs-ShopbySpirit-Gin-FlavouredGinLiqueurs'])">Flavoured
                                            Gin Liqueurs</a><a itemprop="url"
                                            class="subnav__link subnav__link--lowercase" href="/c/691/sloe-gin"
                                            title="Sloe Gin"
                                            onclick="_gaq.push(['_trackEvent', 'Navigation', 'click', 'SpiritsLiqueurs-ShopbySpirit-Gin-SloeGin'])">Sloe
                                            Gin</a>
                                        <a itemprop="url" href='/c/623/jenever' class='subnav__link  ' title="Jenever"
                                            onclick="_gaq.push(['_trackEvent', 'Navigation', 'click', 'SpiritsLiqueurs-ShopbySpirit-Jenever'])">
                                            Jenever
                                        </a>
                                        <a itemprop="url" href='/c/359/tequila' class='subnav__link  ' title="Tequila"
                                            onclick="_gaq.push(['_trackEvent', 'Navigation', 'click', 'SpiritsLiqueurs-ShopbySpirit-Tequila'])">
                                            Tequila
                                        </a>
                                        <a itemprop="url" class="subnav__link subnav__link--lowercase"
                                            href="/c/360/blanco-tequila" title="Blanco Tequila"
                                            onclick="_gaq.push(['_trackEvent', 'Navigation', 'click', 'SpiritsLiqueurs-ShopbySpirit-Tequila-Blanco'])">Blanco</a><a
                                            itemprop="url" class="subnav__link subnav__link--lowercase"
                                            href="/c/361/reposado-tequila" title="Reposado Tequila"
                                            onclick="_gaq.push(['_trackEvent', 'Navigation', 'click', 'SpiritsLiqueurs-ShopbySpirit-Tequila-Reposado'])">Reposado</a><a
                                            itemprop="url" class="subnav__link subnav__link--lowercase"
                                            href="/c/362/anejo-tequila" title="Añejo Tequila"
                                            onclick="_gaq.push(['_trackEvent', 'Navigation', 'click', 'SpiritsLiqueurs-ShopbySpirit-Tequila-Aejo'])">Añejo</a><a
                                            itemprop="url" class="subnav__link subnav__link--lowercase"
                                            href="/c/438/extra-anejo-tequila" title="Extra Añejo Tequila"
                                            onclick="_gaq.push(['_trackEvent', 'Navigation', 'click', 'SpiritsLiqueurs-ShopbySpirit-Tequila-ExtraAejo'])">Extra
                                            Añejo</a><a itemprop="url" class="subnav__link subnav__link--lowercase"
                                            href="/c/1140/flavoured-tequila" title="Flavoured Tequila"
                                            onclick="_gaq.push(['_trackEvent', 'Navigation', 'click', 'SpiritsLiqueurs-ShopbySpirit-Tequila-Flavoured'])">Flavoured</a>
                                        <a itemprop="url" href='/c/363/mezcal' class='subnav__link  ' title="Mezcal"
                                            onclick="_gaq.push(['_trackEvent', 'Navigation', 'click', 'SpiritsLiqueurs-ShopbySpirit-Mezcal'])">
                                            Mezcal
                                        </a>
                                        <a itemprop="url" href='/c/364/raicilla-sotol-and-other-agave-spirits'
                                            class='subnav__link  ' title="Raicilla/Sotol"
                                            onclick="_gaq.push(['_trackEvent', 'Navigation', 'click', 'SpiritsLiqueurs-ShopbySpirit-RaicillaSotol'])">
                                            Raicilla/Sotol
                                        </a>
                                    </div>
                                    <div class="subnav__column subnav__column--w25">
                                        <a itemprop="url" href='/c/358/absinthe' class='subnav__link  ' title="Absinthe"
                                            onclick="_gaq.push(['_trackEvent', 'Navigation', 'click', 'SpiritsLiqueurs-ShopbySpirit-Absinthe'])">
                                            Absinthe
                                        </a>
                                        <a itemprop="url" href='/c/643/aquavit' class='subnav__link  ' title="Aquavit"
                                            onclick="_gaq.push(['_trackEvent', 'Navigation', 'click', 'SpiritsLiqueurs-ShopbySpirit-Aquavit'])">
                                            Aquavit
                                        </a>
                                        <a itemprop="url" href='/c/899/arrack' class='subnav__link ' title="Arrack"
                                            onclick="_gaq.push(['_trackEvent', 'Navigation', 'click', 'SpiritsLiqueurs-ShopbySpirit-Arrack'])">
                                            Arrack
                                        </a>
                                        <a itemprop="url" href='/c/614/baijiu' class='subnav__link  ' title="Baijiu"
                                            onclick="_gaq.push(['_trackEvent', 'Navigation', 'click', 'SpiritsLiqueurs-ShopbySpirit-Baijiu'])">
                                            Baijiu
                                        </a>
                                        <a itemprop="url" href='/c/912/botanical-spirits' class='subnav__link  '
                                            title="Botanical Spirit"
                                            onclick="_gaq.push(['_trackEvent', 'Navigation', 'click', 'SpiritsLiqueurs-ShopbySpirit-BotanicalSpirit'])">
                                            Botanical Spirit
                                        </a>
                                        <a itemprop="url" href='/c/370/eau-de-vie' class='subnav__link  '
                                            title="Eau De Vie"
                                            onclick="_gaq.push(['_trackEvent', 'Navigation', 'click', 'SpiritsLiqueurs-ShopbySpirit-EauDeVie'])">
                                            Eau De Vie
                                        </a>
                                        <a itemprop="url" href='/c/371/grappa' class='subnav__link  ' title="Grappa"
                                            onclick="_gaq.push(['_trackEvent', 'Navigation', 'click', 'SpiritsLiqueurs-ShopbySpirit-Grappa'])">
                                            Grappa
                                        </a>
                                        <a itemprop="url" href='/c/1027/pastis' class='subnav__link  ' title="Pastis"
                                            onclick="_gaq.push(['_trackEvent', 'Navigation', 'click', 'SpiritsLiqueurs-ShopbySpirit-Pastis'])">
                                            Pastis
                                        </a>
                                        <a itemprop="url" href='/c/375/pisco' class='subnav__link  ' title="Pisco"
                                            onclick="_gaq.push(['_trackEvent', 'Navigation', 'click', 'SpiritsLiqueurs-ShopbySpirit-Pisco'])">
                                            Pisco
                                        </a>
                                        <a itemprop="url" href='/c/376/poteen' class='subnav__link  ' title="Poteen"
                                            onclick="_gaq.push(['_trackEvent', 'Navigation', 'click', 'SpiritsLiqueurs-ShopbySpirit-Poteen'])">
                                            Poteen
                                        </a>
                                        <a itemprop="url" href='/c/521/raki' class='subnav__link  ' title="Raki"
                                            onclick="_gaq.push(['_trackEvent', 'Navigation', 'click', 'SpiritsLiqueurs-ShopbySpirit-Raki'])">
                                            Raki
                                        </a>
                                        <a itemprop="url" href='/c/377/shochu' class='subnav__link  ' title="Shochu"
                                            onclick="_gaq.push(['_trackEvent', 'Navigation', 'click', 'SpiritsLiqueurs-ShopbySpirit-Shochu'])">
                                            Shochu
                                        </a>
                                        <a itemprop="url" href='/c/582/soju' class='subnav__link  ' title="Soju"
                                            onclick="_gaq.push(['_trackEvent', 'Navigation', 'click', 'SpiritsLiqueurs-ShopbySpirit-Soju'])">
                                            Soju
                                        </a>
                                        <a itemprop="url" href='/c/463/thai-spirit' class='subnav__link  '
                                            title="Thai Spirit"
                                            onclick="_gaq.push(['_trackEvent', 'Navigation', 'click', 'SpiritsLiqueurs-ShopbySpirit-ThaiSpirit'])">
                                            Thai Spirit
                                        </a>
                                        <a itemprop="url" href='/c/365/vermouths-and-aperitifs' class='subnav__link  '
                                            title="Vermouth/Aperitif"
                                            onclick="_gaq.push(['_trackEvent', 'Navigation', 'click', 'SpiritsLiqueurs-ShopbySpirit-VermouthAperitif'])">
                                            Vermouth/Aperitif
                                        </a>
                                    </div>
                                </div>
                            </div>
                            <div class="subnav__column subnav__column--w20">
                                <h3 class="subnav__title">
                                    Liqueurs
                                </h3>
                                <a itemprop="url" href='/c/343/liqueurs' class='subnav__link  ' title="All Liqueurs"
                                    onclick="_gaq.push(['_trackEvent', 'Navigation', 'click', 'SpiritsLiqueurs-Liqueurs-AllLiqueurs'])">
                                    All Liqueurs
                                </a>
                                <a itemprop="url" class="subnav__link subnav__link--lowercase"
                                    href="/c/866/chocolate-and-coffee-liqueurs" title="Chocolate and Coffee Liqueurs"
                                    onclick="_gaq.push(['_trackEvent', 'Navigation', 'click', 'SpiritsLiqueurs-Liqueurs-AllLiqueurs-ChocolateandCoffeeLiqueurs'])">Chocolate
                                    and Coffee Liqueurs</a><a itemprop="url"
                                    class="subnav__link subnav__link--lowercase" href="/c/347/cream-liqueurs"
                                    title="Cream Liqueurs"
                                    onclick="_gaq.push(['_trackEvent', 'Navigation', 'click', 'SpiritsLiqueurs-Liqueurs-AllLiqueurs-CreamLiqueurs'])">Cream
                                    Liqueurs</a><a itemprop="url" class="subnav__link subnav__link--lowercase"
                                    href="/c/344/fruit-liqueurs" title="Fruit Liqueurs"
                                    onclick="_gaq.push(['_trackEvent', 'Navigation', 'click', 'SpiritsLiqueurs-Liqueurs-AllLiqueurs-FruitLiqueurs'])">Fruit
                                    Liqueurs</a><a itemprop="url" class="subnav__link subnav__link--lowercase"
                                    href="/c/346/herb-liqueurs" title="Herb Liqueurs"
                                    onclick="_gaq.push(['_trackEvent', 'Navigation', 'click', 'SpiritsLiqueurs-Liqueurs-AllLiqueurs-HerbLiqueurs'])">Herb
                                    Liqueurs</a><a itemprop="url" class="subnav__link subnav__link--lowercase"
                                    href="/c/1063/nut-liqueurs" title="Nut Liqueurs"
                                    onclick="_gaq.push(['_trackEvent', 'Navigation', 'click', 'SpiritsLiqueurs-Liqueurs-AllLiqueurs-NutLiqueurs'])">Nut
                                    Liqueurs</a><a itemprop="url" class="subnav__link subnav__link--lowercase"
                                    href="/c/311/whisky-liqueurs" title="Whisky Liqueurs"
                                    onclick="_gaq.push(['_trackEvent', 'Navigation', 'click', 'SpiritsLiqueurs-Liqueurs-AllLiqueurs-WhiskyLiqueurs'])">Whisky
                                    Liqueurs</a><a itemprop="url" class="subnav__link subnav__link--lowercase"
                                    href="/c/435/other-liqueurs" title="Other Liqueurs"
                                    onclick="_gaq.push(['_trackEvent', 'Navigation', 'click', 'SpiritsLiqueurs-Liqueurs-AllLiqueurs-OtherLiqueurs'])">Other
                                    Liqueurs</a>
                                <h3 class="subnav__title">
                                    Inspire Me
                                </h3>
                                <a itemprop="url" href='/search?q=los%20siete' class='subnav__link subnav__link--grid '
                                    title="Los Siete Mezcal"
                                    onclick="_gaq.push(['_trackEvent', 'Navigation', 'click', 'SpiritsLiqueurs-InspireMe-LosSieteMezcal'])">
                                    <i class="tweicon tweicon--gift subnav__col-icon"></i>
                                    <span class="subnav__col-title">Los Siete Mezcal</span>
                                </a>
                                <a itemprop="url" href='/personalisedlabels/gin'
                                    class='subnav__link subnav__link--grid ' title="Personalised Gin"
                                    onclick="_gaq.push(['_trackEvent', 'Navigation', 'click', 'SpiritsLiqueurs-InspireMe-PersonalisedGin'])">
                                    <i class="tweicon tweicon--champagne-gifts subnav__col-icon"></i>
                                    <span class="subnav__col-title">Personalised Gin</span>
                                </a>
                                <a itemprop="url" href='/c/828/sample-gift-sets'
                                    class='subnav__link subnav__link--grid ' title="Perfect Measure Sets"
                                    onclick="_gaq.push(['_trackEvent', 'Navigation', 'click', 'SpiritsLiqueurs-InspireMe-PerfectMeasureSets'])">
                                    <i class="tweicon tweicon--tasting subnav__col-icon"></i>
                                    <span class="subnav__col-title">Perfect Measure Sets</span>
                                </a>
                                <a itemprop="url" href='/giftpacks/spirits' class='subnav__link subnav__link--grid '
                                    title="Spirits Gifts"
                                    onclick="_gaq.push(['_trackEvent', 'Navigation', 'click', 'SpiritsLiqueurs-InspireMe-SpiritsGifts'])">
                                    <i class="tweicon tweicon--gift subnav__col-icon"></i>
                                    <span class="subnav__col-title">Spirits Gifts</span>
                                </a>
                                <a itemprop="url" href='/p/14383/cocchi-vermouth-di-torino'
                                    class='subnav__link subnav__link--grid ' title="Vermouth"
                                    onclick="_gaq.push(['_trackEvent', 'Navigation', 'click', 'SpiritsLiqueurs-InspireMe-Vermouth'])">
                                    <i class="tweicon tweicon--mixersfor subnav__col-icon"></i>
                                    <span class="subnav__col-title">Vermouth</span>
                                </a>

                            </div>
                        </div>
                    </div>
                </div>
                <div class="navbar__container">
                    <a itemprop="url" class="navbar__link js-navbar__link " href="/wine-and-champagne"
                        title="Wine &amp; Champagne">Wine <span class="navbar__line">&amp;&nbsp;Champagne</span></a>
                    <div class="subnav js-subnav">
                        <div class="subnav__container subnav--flex-row">
                            <div class="subnav__column subnav__column--w20">
                                <a itemprop="url" href='/wine-and-champagne'
                                    class='subnav__link subnav__link--underline subnav__link--grid'
                                    title="Wine & Champagne"
                                    onclick="_gaq.push(['_trackEvent', 'Navigation', 'click', 'WineChampagne-Leftcolumn-WineChampagne'])">
                                    <i class="tweicon tweicon--home subnav__col-icon"></i>
                                    <span class="subnav__col-title">Wine & Champagne</span>
                                </a>
                                <a itemprop="url" href='/brands/champagne-and-wine'
                                    class='subnav__link subnav__link--underline subnav__link--grid'
                                    title="A to Z of Champagne & Wine"
                                    onclick="_gaq.push(['_trackEvent', 'Navigation', 'click', 'WineChampagne-Leftcolumn-AZofWineChampagne'])">
                                    <i class="tweicon tweicon--az subnav__col-icon"></i>
                                    <span class="subnav__col-title">A-Z of Wine & Champagne</span>
                                </a>
                                <a itemprop="url" href='/new-products/champagne-wine-and-beer'
                                    class='subnav__link subnav__link--underline subnav__link--grid'
                                    title="New Wine & Champagne"
                                    onclick="_gaq.push(['_trackEvent', 'Navigation', 'click', 'WineChampagne-Leftcolumn-NewWineChampagne'])">
                                    <i class="tweicon tweicon--new subnav__col-icon"></i>
                                    <span class="subnav__col-title">New Wine & Champagne</span>
                                </a>
                                <a itemprop="url" href='/specialoffers/champagne'
                                    class='subnav__link subnav__link--underline subnav__link--grid'
                                    title="Special Offers"
                                    onclick="_gaq.push(['_trackEvent', 'Navigation', 'click', 'WineChampagne-Leftcolumn-SpecialOffers'])">
                                    <i class="tweicon tweicon--specialoffer subnav__col-icon"></i>
                                    <span class="subnav__col-title">Special Offers</span>
                                </a>
                                <a itemprop="url" href='/d/978/top-10-wines'
                                    class='subnav__link subnav__link--underline subnav__link--grid' title="Top 10 Wines"
                                    onclick="_gaq.push(['_trackEvent', 'Navigation', 'click', 'WineChampagne-Leftcolumn-Top10Wines'])">
                                    <i class="tweicon tweicon--whiskycollection subnav__col-icon"></i>
                                    <span class="subnav__col-title">Top 10 Wines</span>
                                </a>
                                <a itemprop="url" href='/d/884/top-10-champagnes'
                                    class='subnav__link subnav__link--underline subnav__link--grid'
                                    title="Top 10 Champagnes"
                                    onclick="_gaq.push(['_trackEvent', 'Navigation', 'click', 'WineChampagne-Leftcolumn-Top10Champagnes'])">
                                    <i class="tweicon tweicon--whiskycollection subnav__col-icon"></i>
                                    <span class="subnav__col-title">Top 10 Champagnes</span>
                                </a>
                                <a itemprop="url" href='/d/870/top-10-ports'
                                    class='subnav__link subnav__link--underline subnav__link--grid' title="Top 10 Ports"
                                    onclick="_gaq.push(['_trackEvent', 'Navigation', 'click', 'WineChampagne-Leftcolumn-Top10Ports'])">
                                    <i class="tweicon tweicon--whiskycollection subnav__col-icon"></i>
                                    <span class="subnav__col-title">Top 10 Ports</span>
                                </a>
                                <a itemprop="url" href='/cocktails'
                                    class='subnav__link subnav__link--underline subnav__link--grid'
                                    title="Cocktail recipes"
                                    onclick="_gaq.push(['_trackEvent', 'Navigation', 'click', 'WineChampagne-Leftcolumn-Cocktailrecipes'])">
                                    <i class="tweicon tweicon--cocktailglasses subnav__col-icon"></i>
                                    <span class="subnav__col-title">Cocktail recipes</span>
                                </a>
                            </div>
                            <div class="subnav__column subnav__column--w60">
                                <h3 class="subnav__title">
                                    Shop by Type
                                </h3>
                                <div class="subnav--flex-row">
                                    <div class="subnav__column subnav__column--w50">
                                        <a itemprop="url" href='/c/330/champagne-sparkling-wine' class='subnav__link  '
                                            title="Champagne & Sparkling Wine"
                                            onclick="_gaq.push(['_trackEvent', 'Navigation', 'click', 'WineChampagne-ShopbyType-ChampagneSparklingWine'])">
                                            Champagne & Sparkling Wine
                                        </a>
                                        <a itemprop="url" class="subnav__link subnav__link--lowercase"
                                            href="/c/331/non-vintage-champagne" title="Non-Vintage Champagne"
                                            onclick="_gaq.push(['_trackEvent', 'Navigation', 'click', 'WineChampagne-ShopbyType-ChampagneSparklingWine-NonVintageChampagne'])">Non-Vintage
                                            Champagne</a><a itemprop="url" class="subnav__link subnav__link--lowercase"
                                            href="/c/332/vintage-champagne" title="Vintage Champagne"
                                            onclick="_gaq.push(['_trackEvent', 'Navigation', 'click', 'WineChampagne-ShopbyType-ChampagneSparklingWine-VintageChampagne'])">Vintage
                                            Champagne</a><a itemprop="url" class="subnav__link subnav__link--lowercase"
                                            href="/c/333/rose-champagne" title="Rosé Champagne"
                                            onclick="_gaq.push(['_trackEvent', 'Navigation', 'click', 'WineChampagne-ShopbyType-ChampagneSparklingWine-RosChampagne'])">Rosé
                                            Champagne</a><a itemprop="url" class="subnav__link subnav__link--lowercase"
                                            href="/c/611/prosecco" title="Prosecco"
                                            onclick="_gaq.push(['_trackEvent', 'Navigation', 'click', 'WineChampagne-ShopbyType-ChampagneSparklingWine-Prosecco'])">Prosecco</a><a
                                            itemprop="url" class="subnav__link subnav__link--lowercase"
                                            href="/c/730/rose-sparkling-wine" title="Rosé Sparkling Wine"
                                            onclick="_gaq.push(['_trackEvent', 'Navigation', 'click', 'WineChampagne-ShopbyType-ChampagneSparklingWine-RosSparklingWine'])">Rosé
                                            Sparkling Wine</a><a itemprop="url"
                                            class="subnav__link subnav__link--lowercase"
                                            href="/c/581/world-sparkling-wine" title="World Sparkling Wine"
                                            onclick="_gaq.push(['_trackEvent', 'Navigation', 'click', 'WineChampagne-ShopbyType-ChampagneSparklingWine-WorldSparklingWine'])">World
                                            Sparkling Wine</a>
                                        <a itemprop="url" href='/d/800/biodynamic-and-organic-champagne'
                                            class='subnav__link ' title="Biodynamic / Organic Champagne"
                                            onclick="_gaq.push(['_trackEvent', 'Navigation', 'click', 'WineChampagne-ShopbyType-BiodynamicOrganicChampagne'])">
                                            Biodynamic / Organic Champagne
                                        </a>
                                        <a itemprop="url" href='/c/618/tonic-wine-mead-and-fruit-wine'
                                            class='subnav__link ' title="Tonic Wine & Fruit Wine"
                                            onclick="_gaq.push(['_trackEvent', 'Navigation', 'click', 'WineChampagne-ShopbyType-TonicWineFruitWine'])">
                                            Tonic Wine & Fruit Wine
                                        </a>
                                    </div>
                                    <div class="subnav__column subnav__column--w50">
                                        <a itemprop="url" href='/c/644/still-wine' class='subnav__link  '
                                            title="Still Wine"
                                            onclick="_gaq.push(['_trackEvent', 'Navigation', 'click', 'WineChampagne-ShopbyType-StillWine'])">
                                            Still Wine
                                        </a>
                                        <a itemprop="url" class="subnav__link subnav__link--lowercase"
                                            href="/c/1094/white-wine" title="White Wine"
                                            onclick="_gaq.push(['_trackEvent', 'Navigation', 'click', 'WineChampagne-ShopbyType-StillWine-WhiteWine'])">White
                                            Wine</a><a itemprop="url" class="subnav__link subnav__link--lowercase"
                                            href="/c/465/red-wine" title="Red Wine"
                                            onclick="_gaq.push(['_trackEvent', 'Navigation', 'click', 'WineChampagne-ShopbyType-StillWine-RedWine'])">Red
                                            Wine</a><a itemprop="url" class="subnav__link subnav__link--lowercase"
                                            href="/c/1093/rose-wine" title="Rosé Wine"
                                            onclick="_gaq.push(['_trackEvent', 'Navigation', 'click', 'WineChampagne-ShopbyType-StillWine-RosWine'])">Rosé
                                            Wine</a><a itemprop="url" class="subnav__link subnav__link--lowercase"
                                            href="/c/1095/orange-wine" title="Orange Wine"
                                            onclick="_gaq.push(['_trackEvent', 'Navigation', 'click', 'WineChampagne-ShopbyType-StillWine-OrangeWine'])">Orange
                                            Wine</a><a itemprop="url" class="subnav__link subnav__link--lowercase"
                                            href="/c/710/sweet-wine" title="Sweet Wine"
                                            onclick="_gaq.push(['_trackEvent', 'Navigation', 'click', 'WineChampagne-ShopbyType-StillWine-SweetWine'])">Sweet
                                            Wine</a><a itemprop="url" class="subnav__link subnav__link--lowercase"
                                            href="/c/1064/wine-cases" title="Wine Cases"
                                            onclick="_gaq.push(['_trackEvent', 'Navigation', 'click', 'WineChampagne-ShopbyType-StillWine-WineCases'])">Wine
                                            Cases</a>
                                        <a itemprop="url" href='/c/378/fortified-wine' class='subnav__link  '
                                            title="Fortified Wine"
                                            onclick="_gaq.push(['_trackEvent', 'Navigation', 'click', 'WineChampagne-ShopbyType-FortifiedWine'])">
                                            Fortified Wine
                                        </a>
                                        <a itemprop="url" class="subnav__link subnav__link--lowercase"
                                            href="/c/380/port" title="Port"
                                            onclick="_gaq.push(['_trackEvent', 'Navigation', 'click', 'WineChampagne-ShopbyType-FortifiedWine-Port'])">Port</a><a
                                            itemprop="url" class="subnav__link subnav__link--lowercase"
                                            href="/c/379/sherry" title="Sherry"
                                            onclick="_gaq.push(['_trackEvent', 'Navigation', 'click', 'WineChampagne-ShopbyType-FortifiedWine-Sherry'])">Sherry</a><a
                                            itemprop="url" class="subnav__link subnav__link--lowercase"
                                            href="/c/381/madeira" title="Madeira"
                                            onclick="_gaq.push(['_trackEvent', 'Navigation', 'click', 'WineChampagne-ShopbyType-FortifiedWine-Madeira'])">Madeira</a><a
                                            itemprop="url" class="subnav__link subnav__link--lowercase"
                                            href="/c/617/marsala" title="Marsala"
                                            onclick="_gaq.push(['_trackEvent', 'Navigation', 'click', 'WineChampagne-ShopbyType-FortifiedWine-Marsala'])">Marsala</a><a
                                            itemprop="url" class="subnav__link subnav__link--lowercase"
                                            href="/c/626/pineau-des-charentes-floc-and-ratafia"
                                            title="Pineau des Charentes, Floc and Ratafia"
                                            onclick="_gaq.push(['_trackEvent', 'Navigation', 'click', 'WineChampagne-ShopbyType-FortifiedWine-PineaudesCharentesFlocandRatafia'])">Pineau
                                            des Charentes, Floc and Ratafia</a>
                                    </div>
                                </div>
                            </div>
                            <div class="subnav__column subnav__column--w20">
                                <h3 class="subnav__title">
                                    Inspire Me
                                </h3>
                                <a itemprop="url" href='/d/793/wine-cases' class='subnav__link subnav__link--grid '
                                    title="Wine Cases"
                                    onclick="_gaq.push(['_trackEvent', 'Navigation', 'click', 'WineChampagne-InspireMe-WineCases'])">
                                    <i class="tweicon tweicon--winecases subnav__col-icon"></i>
                                    <span class="subnav__col-title">Wine Cases</span>
                                </a>
                                <a itemprop="url" href='/d/659/champagne-and-wine-gifts'
                                    class='subnav__link subnav__link--grid ' title="Wine and Champagne Gifts"
                                    onclick="_gaq.push(['_trackEvent', 'Navigation', 'click', 'WineChampagne-InspireMe-WineandChampagneGifts'])">
                                    <i class="tweicon tweicon--whiskygifts subnav__col-icon"></i>
                                    <span class="subnav__col-title">Wine and Champagne Gifts</span>
                                </a>
                                <a itemprop="url" href='/c/330/champagne-sparkling-wine?style=Brut%2bNature'
                                    class='subnav__link subnav__link--grid ' title="Non-Dosage Champagne"
                                    onclick="_gaq.push(['_trackEvent', 'Navigation', 'click', 'WineChampagne-InspireMe-NonDosageChampagne'])">
                                    <i class="tweicon tweicon--nondosagesparklingwine subnav__col-icon"></i>
                                    <span class="subnav__col-title">Non-Dosage Champagne</span>
                                </a>
                            </div>
                        </div>
                    </div>
                </div>
                <div class="navbar__container">
                    <a itemprop="url" class="navbar__link js-navbar__link " href="/oldandrare"
                        title="Old &amp; Rare">Old <span class="navbar__line">&amp;&nbsp;Rare</span></a>
                    <div class="subnav js-subnav">
                        <div class="subnav__container subnav--flex-row">
                            <div class="subnav__column subnav__column--w20">
                                <a itemprop="url" href='/oldandrare'
                                    class='subnav__link subnav__link--underline subnav__link--grid' title="Old & Rare"
                                    onclick="_gaq.push(['_trackEvent', 'Navigation', 'click', 'OldRare-Leftcolumn-OldRare'])">
                                    <i class="tweicon tweicon--home subnav__col-icon"></i>
                                    <span class="subnav__col-title">Old & Rare</span>
                                </a>
                                <a itemprop="url" href='/new-products/old-and-rare-whisky'
                                    class='subnav__link subnav__link--underline subnav__link--grid'
                                    title="Latest Old & Rare"
                                    onclick="_gaq.push(['_trackEvent', 'Navigation', 'click', 'OldRare-Leftcolumn-LatestOldRare'])">
                                    <i class="tweicon tweicon--new subnav__col-icon"></i>
                                    <span class="subnav__col-title">Latest Old & Rare</span>
                                </a>
                                <a itemprop="url" href='/d/890/lost-distilleries'
                                    class='subnav__link subnav__link--underline subnav__link--grid'
                                    title="Lost Distilleries"
                                    onclick="_gaq.push(['_trackEvent', 'Navigation', 'click', 'OldRare-Leftcolumn-LostDistilleries'])">
                                    <i class="tweicon tweicon--oldandrare subnav__col-icon"></i>
                                    <span class="subnav__col-title">Lost Distilleries</span>
                                </a>
                                <a itemprop="url" href='/d/1110/top-10-old-and-rare'
                                    class='subnav__link subnav__link--underline subnav__link--grid'
                                    title="Top 10 Old & Rare"
                                    onclick="_gaq.push(['_trackEvent', 'Navigation', 'click', 'OldRare-Leftcolumn-Top10OldRare'])">
                                    <i class="tweicon tweicon--whiskycollection subnav__col-icon"></i>
                                    <span class="subnav__col-title">Top 10 Old & Rare</span>
                                </a>
                                <a itemprop="url" href='/c/828/sample-gift-sets?bottlingstatus=Discontinued'
                                    class='subnav__link subnav__link--underline subnav__link--grid'
                                    title="Old & Rare Sets"
                                    onclick="_gaq.push(['_trackEvent', 'Navigation', 'click', 'OldRare-Leftcolumn-OldRareSets'])">
                                    <i class="tweicon tweicon--tasting subnav__col-icon"></i>
                                    <span class="subnav__col-title">Old & Rare Sets</span>
                                </a>
                                <a itemprop="url" href='/c/803/samples?bottlingstatus=Discontinued'
                                    class='subnav__link subnav__link--underline subnav__link--grid'
                                    title="Old & Rare Samples"
                                    onclick="_gaq.push(['_trackEvent', 'Navigation', 'click', 'OldRare-Leftcolumn-OldRareSamples'])">
                                    <i class="tweicon tweicon--beercollection subnav__col-icon"></i>
                                    <span class="subnav__col-title">Old & Rare Samples</span>
                                </a>
                                <a itemprop="url" href='/wanted'
                                    class='subnav__link subnav__link--underline subnav__link--grid'
                                    title="Sell Your Bottle"
                                    onclick="_gaq.push(['_trackEvent', 'Navigation', 'click', 'OldRare-Leftcolumn-SellYourBottle'])">
                                    <i class="tweicon tweicon--oldandrare subnav__col-icon"></i>
                                    <span class="subnav__col-title">Sell Your Bottle</span>
                                </a>
                            </div>
                            <div class="subnav__column subnav__column--w20">
                                <h3 class="subnav__title">
                                    Old & Rare Scotch Whisky
                                </h3>
                                <a itemprop="url" href='/c/40/single-malt-scotch-whisky?bottlingstatus=Discontinued'
                                    class='subnav__link ' title="Single Malt Scotch Whisky"
                                    onclick="_gaq.push(['_trackEvent', 'Navigation', 'click', 'OldRare-OldRareScotchWhisky-SingleMaltScotchWhisky'])">
                                    Single Malt Scotch Whisky
                                </a>
                                <a itemprop="url"
                                    href='/c/40/single-malt-scotch-whisky?bottlingstatus=Discontinued&subcategory=Islay'
                                    class='subnav__link ' title="Islay"
                                    onclick="_gaq.push(['_trackEvent', 'Navigation', 'click', 'OldRare-OldRareScotchWhisky-Islay'])">
                                    Islay
                                </a>
                                <a itemprop="url"
                                    href='/c/40/single-malt-scotch-whisky?bottler=Independent%2bBottling&bottlingstatus=Discontinued'
                                    class='subnav__link ' title="Indie Bottlings"
                                    onclick="_gaq.push(['_trackEvent', 'Navigation', 'click', 'OldRare-OldRareScotchWhisky-IndieBottlings'])">
                                    Indie Bottlings
                                </a>
                                <a itemprop="url"
                                    href='/c/40/single-malt-scotch-whisky?bottlingstatus=Discontinued&price=%257b%2522min%2522%253a%252210.00%2522%252c%2522max%2522%253a%25221000.00%2522%257d'
                                    class='subnav__link ' title="Under £1,000"
                                    onclick="_gaq.push(['_trackEvent', 'Navigation', 'click', 'OldRare-OldRareScotchWhisky-Under1000'])">
                                    Under £1,000
                                </a>
                                <a itemprop="url"
                                    href='/c/40/single-malt-scotch-whisky?bottlingstatus=Discontinued&price=%257b%2522min%2522%253a%25221000.00%2522%252c%2522max%2522%253a%2522150000.00%2522%257d'
                                    class='subnav__link ' title="Over £1,000"
                                    onclick="_gaq.push(['_trackEvent', 'Navigation', 'click', 'OldRare-OldRareScotchWhisky-Over1000'])">
                                    Over £1,000
                                </a>
                                <h3 class="subnav__title">
                                    Old & Rare World Whisky
                                </h3>
                                <a itemprop="url" href='/c/35/japanese-whisky?bottlingstatus=Discontinued'
                                    class='subnav__link ' title="Japanese Whisky"
                                    onclick="_gaq.push(['_trackEvent', 'Navigation', 'click', 'OldRare-OldRareWorldWhisky-JapaneseWhisky'])">
                                    Japanese Whisky
                                </a>
                                <a itemprop="url" href='/c/33/american-whiskey?bottlingstatus=Discontinued'
                                    class='subnav__link ' title="American Whiskey"
                                    onclick="_gaq.push(['_trackEvent', 'Navigation', 'click', 'OldRare-OldRareWorldWhisky-AmericanWhiskey'])">
                                    American Whiskey
                                </a>
                                <a itemprop="url" href='/c/32/irish-whiskey?bottlingstatus=Discontinued'
                                    class='subnav__link ' title="Irish Whiskey"
                                    onclick="_gaq.push(['_trackEvent', 'Navigation', 'click', 'OldRare-OldRareWorldWhisky-IrishWhiskey'])">
                                    Irish Whiskey
                                </a>
                                <a itemprop="url" href='/c/34/canadian-whisky?bottlingstatus=Discontinued'
                                    class='subnav__link ' title="Canadian Whisky"
                                    onclick="_gaq.push(['_trackEvent', 'Navigation', 'click', 'OldRare-OldRareWorldWhisky-CanadianWhisky'])">
                                    Canadian Whisky
                                </a>
                                <a itemprop="url" href='/c/305/rest-of-the-world-whisky?bottlingstatus=Discontinued'
                                    class='subnav__link ' title="Rest of the World"
                                    onclick="_gaq.push(['_trackEvent', 'Navigation', 'click', 'OldRare-OldRareWorldWhisky-RestoftheWorld'])">
                                    Rest of the World
                                </a>
                            </div>
                            <div class="subnav__column subnav__column--w20">
                                <h3 class="subnav__title">
                                    Old & Rare Brandy
                                </h3>
                                <a itemprop="url" href='/c/351/cognac?bottlingstatus=Discontinued' class='subnav__link '
                                    title="Cognac"
                                    onclick="_gaq.push(['_trackEvent', 'Navigation', 'click', 'OldRare-OldRareBrandy-Cognac'])">
                                    Cognac
                                </a>
                                <a itemprop="url" href='/c/351/cognac?bottlingstatus=Discontinued&subcategory=Vintage'
                                    class='subnav__link ' title="Vintage Cognac"
                                    onclick="_gaq.push(['_trackEvent', 'Navigation', 'click', 'OldRare-OldRareBrandy-VintageCognac'])">
                                    Vintage Cognac
                                </a>
                                <a itemprop="url"
                                    href='/c/351/cognac?bottlingstatus=Discontinued&price=%7b%22min%22%3a%2210.00%22%2c%22max%22%3a%22250.00%22%7d'
                                    class='subnav__link ' title="Cognac under £250"
                                    onclick="_gaq.push(['_trackEvent', 'Navigation', 'click', 'OldRare-OldRareBrandy-Cognacunder250'])">
                                    Cognac under £250
                                </a>
                                <a itemprop="url"
                                    href='/c/351/cognac?bottlingstatus=Discontinued&price=%7b%22min%22%3a%2210.00%22%2c%22max%22%3a%221000.00%22%7d'
                                    class='subnav__link ' title="Cognac under £1,000"
                                    onclick="_gaq.push(['_trackEvent', 'Navigation', 'click', 'OldRare-OldRareBrandy-Cognacunder1000'])">
                                    Cognac under £1,000
                                </a>
                                <a itemprop="url"
                                    href='/c/351/cognac?bottlingstatus=Discontinued&price=%7b%22min%22%3a%221000%22%2c%22max%22%3a%2230000.00%22%7d'
                                    class='subnav__link ' title="Cognac over £1,000"
                                    onclick="_gaq.push(['_trackEvent', 'Navigation', 'click', 'OldRare-OldRareBrandy-Cognacover1000'])">
                                    Cognac over £1,000
                                </a>
                                <a itemprop="url" href='/c/355/armagnac?bottlingstatus=Discontinued'
                                    class='subnav__link ' title="Armagnac"
                                    onclick="_gaq.push(['_trackEvent', 'Navigation', 'click', 'OldRare-OldRareBrandy-Armagnac'])">
                                    Armagnac
                                </a>
                                <a itemprop="url" href='/c/355/armagnac?bottlingstatus=Discontinued&subcategory=Vintage'
                                    class='subnav__link ' title="Vintage Armagnac"
                                    onclick="_gaq.push(['_trackEvent', 'Navigation', 'click', 'OldRare-OldRareBrandy-VintageArmagnac'])">
                                    Vintage Armagnac
                                </a>
                                <a itemprop="url" href='/c/369/calvados-and-cider-brandy?bottlingstatus=Discontinued'
                                    class='subnav__link ' title="Calvados"
                                    onclick="_gaq.push(['_trackEvent', 'Navigation', 'click', 'OldRare-OldRareBrandy-Calvados'])">
                                    Calvados
                                </a>
                                <a itemprop="url" href='/c/367/brandy-marc-and-korn?bottlingstatus=Discontinued'
                                    class='subnav__link ' title="Brandy"
                                    onclick="_gaq.push(['_trackEvent', 'Navigation', 'click', 'OldRare-OldRareBrandy-Brandy'])">
                                    Brandy
                                </a>
                            </div>
                            <div class="subnav__column subnav__column--w20">
                                <h3 class="subnav__title">
                                    Old & Rare Spirits
                                </h3>
                                <a itemprop="url" href='/c/338/gin?bottlingstatus=Discontinued' class='subnav__link '
                                    title="Gin"
                                    onclick="_gaq.push(['_trackEvent', 'Navigation', 'click', 'OldRare-OldRareSpirits-Gin'])">
                                    Gin
                                </a>
                                <a itemprop="url" href='/c/339/rum?bottlingstatus=Discontinued' class='subnav__link '
                                    title="Rum"
                                    onclick="_gaq.push(['_trackEvent', 'Navigation', 'click', 'OldRare-OldRareSpirits-Rum'])">
                                    Rum
                                </a>
                                <a itemprop="url" href='/c/343/liqueurs?brand=Chartreuse&bottlingstatus=Discontinued'
                                    class='subnav__link ' title="Chartreuse"
                                    onclick="_gaq.push(['_trackEvent', 'Navigation', 'click', 'OldRare-OldRareSpirits-Chartreuse'])">
                                    Chartreuse
                                </a>
                                <a itemprop="url" href='/c/343/liqueurs?bottlingstatus=Discontinued'
                                    class='subnav__link ' title="Liqueurs"
                                    onclick="_gaq.push(['_trackEvent', 'Navigation', 'click', 'OldRare-OldRareSpirits-Liqueurs'])">
                                    Liqueurs
                                </a>
                                <a itemprop="url" href='/c/359/tequila?bottlingstatus=Discontinued'
                                    class='subnav__link ' title="Tequila"
                                    onclick="_gaq.push(['_trackEvent', 'Navigation', 'click', 'OldRare-OldRareSpirits-Tequila'])">
                                    Tequila
                                </a>
                                <a itemprop="url" href='/c/1027/pastis?bottlingstatus=Discontinued'
                                    class='subnav__link ' title="Pastis"
                                    onclick="_gaq.push(['_trackEvent', 'Navigation', 'click', 'OldRare-OldRareSpirits-Pastis'])">
                                    Pastis
                                </a>
                                <a itemprop="url" href='/c/335/vodka?bottlingstatus=Discontinued' class='subnav__link '
                                    title="Vodka"
                                    onclick="_gaq.push(['_trackEvent', 'Navigation', 'click', 'OldRare-OldRareSpirits-Vodka'])">
                                    Vodka
                                </a>
                                <a itemprop="url" href='/c/371/grappa?bottlingstatus=Discontinued' class='subnav__link '
                                    title="Grappa"
                                    onclick="_gaq.push(['_trackEvent', 'Navigation', 'click', 'OldRare-OldRareSpirits-Grappa'])">
                                    Grappa
                                </a>
                            </div>
                            <div class="subnav__column subnav__column--w20">

                                <h3 class="subnav__title">
                                    Rare Vermouth & Aperitifs
                                </h3>
                                <a itemprop="url" href='/c/365/vermouths-and-aperitifs?bottlingstatus=Discontinued'
                                    class='subnav__link ' title="Vermouth & Aperitifs"
                                    onclick="_gaq.push(['_trackEvent', 'Navigation', 'click', 'OldRare-RareVermouthAperitifs-VermouthAperitifs'])">
                                    Vermouth & Aperitifs
                                </a>
                                <a itemprop="url"
                                    href='/c/365/vermouths-and-aperitifs?brand=Campari&bottlingstatus=Discontinued'
                                    class='subnav__link ' title="Campari"
                                    onclick="_gaq.push(['_trackEvent', 'Navigation', 'click', 'OldRare-RareVermouthAperitifs-Campari'])">
                                    Campari
                                </a>
                                <a itemprop="url"
                                    href='/c/365/vermouths-and-aperitifs?bottlingstatus=Discontinued&type=Fernet'
                                    class='subnav__link ' title="Fernet"
                                    onclick="_gaq.push(['_trackEvent', 'Navigation', 'click', 'OldRare-RareVermouthAperitifs-Fernet'])">
                                    Fernet
                                </a>
                                <a itemprop="url"
                                    href='/c/365/vermouths-and-aperitifs?brand=Cinzano&bottlingstatus=Discontinued'
                                    class='subnav__link ' title="Cinzano"
                                    onclick="_gaq.push(['_trackEvent', 'Navigation', 'click', 'OldRare-RareVermouthAperitifs-Cinzano'])">
                                    Cinzano
                                </a>
                                <a itemprop="url"
                                    href='/c/365/vermouths-and-aperitifs?brand=Antica%2BFormula%2cAntica&bottlingstatus=Discontinued'
                                    class='subnav__link ' title="Antica Formula"
                                    onclick="_gaq.push(['_trackEvent', 'Navigation', 'click', 'OldRare-RareVermouthAperitifs-AnticaFormula'])">
                                    Antica Formula
                                </a>
                                <h3 class="subnav__title">
                                    Fine Wine & Champagne
                                </h3>
                                <a itemprop="url" href='/c/330/champagne-sparkling-wine?bottlingstatus=Discontinued'
                                    class='subnav__link ' title="Champagne"
                                    onclick="_gaq.push(['_trackEvent', 'Navigation', 'click', 'OldRare-FineWineChampagne-Champagne'])">
                                    Champagne
                                </a>
                                <a itemprop="url" href='/c/378/fortified-wine?bottlingstatus=Discontinued'
                                    class='subnav__link ' title="Fortified Wine"
                                    onclick="_gaq.push(['_trackEvent', 'Navigation', 'click', 'OldRare-FineWineChampagne-FortifiedWine'])">
                                    Fortified Wine
                                </a>
                            </div>
                        </div>
                    </div>
                </div>
                <div class="navbar__container">
                    <a itemprop="url" class="navbar__link js-navbar__link " href="/beer-and-sake"
                        title="Beer &amp; Sake">Beer <span class="navbar__line">&amp;&nbsp;Sake</span></a>
                    <div class="subnav js-subnav">
                        <div class="subnav__container subnav--flex-row">
                            <div class="subnav__column subnav__column--w25">
                                <a itemprop="url" href='/beer-and-sake'
                                    class='subnav__link subnav__link--underline subnav__link--grid' title="Beer & Sake"
                                    onclick="_gaq.push(['_trackEvent', 'Navigation', 'click', 'BeerSake-Leftcolumn-BeerSake'])">
                                    <i class="tweicon tweicon--home subnav__col-icon"></i>
                                    <span class="subnav__col-title">Beer & Sake</span>

                                </a>
                                <a itemprop="url" href='/new-products/champagne-wine-and-beer'
                                    class='subnav__link subnav__link--underline subnav__link--grid' title="New Beer"
                                    onclick="_gaq.push(['_trackEvent', 'Navigation', 'click', 'BeerSake-Leftcolumn-NewBeer'])">
                                    <i class="tweicon tweicon--new subnav__col-icon"></i>
                                    <span class="subnav__col-title">New Beer</span>
                                </a>
                                <a itemprop="url" href='/d/758/beer-bundles-and-cider-cases'
                                    class='subnav__link subnav__link--underline subnav__link--grid' title="Beer Bundles"
                                    onclick="_gaq.push(['_trackEvent', 'Navigation', 'click', 'BeerSake-Leftcolumn-BeerBundles'])">
                                    <i class="tweicon tweicon--beercollection subnav__col-icon"></i>
                                    <span class="subnav__col-title">Beer Bundles</span>
                                </a>
                            </div>
                            <div class="subnav__column subnav__column--w25">
                                <h3 class="subnav__title">
                                    Shop by Beer & Cider
                                </h3>
                                <a itemprop="url" href='/c/503/beer' class='subnav__link ' title="All Beer"
                                    onclick="_gaq.push(['_trackEvent', 'Navigation', 'click', 'BeerSake-ShopbyBeerCider-AllBeer'])">
                                    All Beer
                                </a>
                                <a itemprop="url" href='/c/786/ale' class='subnav__link ' title="Ale"
                                    onclick="_gaq.push(['_trackEvent', 'Navigation', 'click', 'BeerSake-ShopbyBeerCider-Ale'])">
                                    Ale
                                </a>
                                <a itemprop="url" href='/c/503/beer?type=Pale%2bAle'
                                    class='subnav__link subnav__link--lowercase ' title="Pale Ale"
                                    onclick="_gaq.push(['_trackEvent', 'Navigation', 'click', 'BeerSake-ShopbyBeerCider-Ale-PaleAle'])">
                                    Pale Ale
                                </a>
                                <a itemprop="url" href='/c/503/beer?type=IPA'
                                    class='subnav__link subnav__link--lowercase ' title="IPA"
                                    onclick="_gaq.push(['_trackEvent', 'Navigation', 'click', 'BeerSake-ShopbyBeerCider-Ale-IPA'])">
                                    IPA
                                </a>
                                <a itemprop="url" href='/c/503/beer?type=Golden%2bAle'
                                    class='subnav__link subnav__link--lowercase ' title="Golden Ale"
                                    onclick="_gaq.push(['_trackEvent', 'Navigation', 'click', 'BeerSake-ShopbyBeerCider-Ale-GoldenAle'])">
                                    Golden Ale
                                </a>
                                <a itemprop="url" href='/c/503/beer?type=Amber%2bAle'
                                    class='subnav__link subnav__link--lowercase ' title="Amber Ale"
                                    onclick="_gaq.push(['_trackEvent', 'Navigation', 'click', 'BeerSake-ShopbyBeerCider-Ale-AmberAle'])">
                                    Amber Ale
                                </a>
                                <a itemprop="url" href='/c/503/beer?type=Brown%2bAle'
                                    class='subnav__link subnav__link--lowercase ' title="Brown Ale"
                                    onclick="_gaq.push(['_trackEvent', 'Navigation', 'click', 'BeerSake-ShopbyBeerCider-Ale-BrownAle'])">
                                    Brown Ale
                                </a>
                                <a itemprop="url" href='/c/787/mild-beer' class='subnav__link ' title="Mild"
                                    onclick="_gaq.push(['_trackEvent', 'Navigation', 'click', 'BeerSake-ShopbyBeerCider-Mild'])">
                                    Mild
                                </a>
                                <a itemprop="url" href='/c/788/stout-and-porter' class='subnav__link '
                                    title="Stout/Porter"
                                    onclick="_gaq.push(['_trackEvent', 'Navigation', 'click', 'BeerSake-ShopbyBeerCider-StoutPorter'])">
                                    Stout/Porter
                                </a>
                                <a itemprop="url" href='/c/789/lager' class='subnav__link ' title="Lager"
                                    onclick="_gaq.push(['_trackEvent', 'Navigation', 'click', 'BeerSake-ShopbyBeerCider-Lager'])">
                                    Lager
                                </a>
                                <a itemprop="url" href='/c/790/speciality-beer' class='subnav__link ' title="Speciality"
                                    onclick="_gaq.push(['_trackEvent', 'Navigation', 'click', 'BeerSake-ShopbyBeerCider-Speciality'])">
                                    Speciality
                                </a>
                                <a itemprop="url" href='/c/791/cask-aged-beer' class='subnav__link ' title="Cask Aged"
                                    onclick="_gaq.push(['_trackEvent', 'Navigation', 'click', 'BeerSake-ShopbyBeerCider-CaskAged'])">
                                    Cask Aged
                                </a>
                                <a itemprop="url" href='/c/625/cider' class='subnav__link ' title="Cider"
                                    onclick="_gaq.push(['_trackEvent', 'Navigation', 'click', 'BeerSake-ShopbyBeerCider-Cider'])">
                                    Cider
                                </a>
                            </div>
                            <div class="subnav__column subnav__column--w25">
                                <h3 class="subnav__title">
                                    Shop by Sake
                                </h3>
                                <a itemprop="url" href='/c/384/sake' class='subnav__link ' title="All Sake"
                                    onclick="_gaq.push(['_trackEvent', 'Navigation', 'click', 'BeerSake-ShopbySake-AllSake'])">
                                    All Sake
                                </a>
                                <a itemprop="url" href='/c/384/sake?type=Honjozo' class='subnav__link ' title="Honjozo"
                                    onclick="_gaq.push(['_trackEvent', 'Navigation', 'click', 'BeerSake-ShopbySake-Honjozo'])">
                                    Honjozo
                                </a>
                                <a itemprop="url" href='/c/384/sake?type=Ginjo' class='subnav__link ' title="Ginjo"
                                    onclick="_gaq.push(['_trackEvent', 'Navigation', 'click', 'BeerSake-ShopbySake-Ginjo'])">
                                    Ginjo
                                </a>
                                <a itemprop="url" href='/c/384/sake?type=Daiginjo' class='subnav__link '
                                    title="Daiginjo"
                                    onclick="_gaq.push(['_trackEvent', 'Navigation', 'click', 'BeerSake-ShopbySake-Daiginjo'])">
                                    Daiginjo
                                </a>
                                <a itemprop="url" href='/c/384/sake?type=Nigori' class='subnav__link ' title="Nigori"
                                    onclick="_gaq.push(['_trackEvent', 'Navigation', 'click', 'BeerSake-ShopbySake-Nigori'])">
                                    Nigori
                                </a>
                                <a itemprop="url" href='/c/384/sake?type=Kijoshu' class='subnav__link ' title="Kijoshu"
                                    onclick="_gaq.push(['_trackEvent', 'Navigation', 'click', 'BeerSake-ShopbySake-Kijoshu'])">
                                    Kijoshu
                                </a>
                                <a itemprop="url" href='/c/384/sake?type=Aged' class='subnav__link ' title="Aged"
                                    onclick="_gaq.push(['_trackEvent', 'Navigation', 'click', 'BeerSake-ShopbySake-Aged'])">
                                    Aged
                                </a>
                                <a itemprop="url" href='/c/384/sake?type=Flavoured' class='subnav__link '
                                    title="Flavoured"
                                    onclick="_gaq.push(['_trackEvent', 'Navigation', 'click', 'BeerSake-ShopbySake-Flavoured'])">
                                    Flavoured
                                </a>
                            </div>
                            <div class="subnav__column subnav__column--w25">
                                <h3 class="subnav__title">
                                    Inspire Me
                                </h3>
                                <a itemprop="url" href='/c/707/beer-glasses' class='subnav__link subnav__link--grid '
                                    title="Beer Glasses"
                                    onclick="_gaq.push(['_trackEvent', 'Navigation', 'click', 'BeerSake-InspireMe-BeerGlasses'])">
                                    <i class="tweicon tweicon--beerglasses subnav__col-icon"></i>
                                    <span class="subnav__col-title">Beer Glasses</span>
                                </a>
                            </div>
                        </div>
                    </div>
                </div>
                <div class="navbar__container">
                    <a itemprop="url" class="navbar__link js-navbar__link " href="/miniatures-and-samples"
                        title="Miniatures &amp; Samples">Miniatures <span
                            class="navbar__line">&amp;&nbsp;Samples</span></a>
                    <div class="subnav js-subnav">
                        <div class="subnav__container subnav--flex-row">
                            <div class="subnav__column subnav__column--w20">
                                <a itemprop="url" href='/miniatures-and-samples'
                                    class='subnav__link subnav__link--underline subnav__link--grid'
                                    title="Miniatures & Samples"
                                    onclick="_gaq.push(['_trackEvent', 'Navigation', 'click', 'MiniaturesSamples-Leftcolumn-MiniaturesSamples'])">
                                    <i class="tweicon tweicon--home subnav__col-icon"></i>
                                    <span class="subnav__col-title">Miniatures & Samples</span>
                                </a>
                                <a itemprop="url" href='/c/385/miniatures'
                                    class='subnav__link subnav__link--underline subnav__link--grid'
                                    title="All Miniatures"
                                    onclick="_gaq.push(['_trackEvent', 'Navigation', 'click', 'MiniaturesSamples-Leftcolumn-AllMiniatures'])">
                                    <i class="tweicon tweicon--az subnav__col-icon"></i>
                                    <span class="subnav__col-title">All Miniatures</span>
                                </a>
                                <a itemprop="url" href='/c/803/samples'
                                    class='subnav__link subnav__link--underline subnav__link--grid'
                                    title="All Perfect Measures"
                                    onclick="_gaq.push(['_trackEvent', 'Navigation', 'click', 'MiniaturesSamples-Leftcolumn-AllPerfectMeasures'])">
                                    <i class="tweicon tweicon--az subnav__col-icon"></i>
                                    <span class="subnav__col-title">All Perfect Measures</span>
                                </a>
                                <a itemprop="url" href='/c/828/sample-gift-sets'
                                    class='subnav__link subnav__link--underline subnav__link--grid'
                                    title="Perfect Measure Sets"
                                    onclick="_gaq.push(['_trackEvent', 'Navigation', 'click', 'MiniaturesSamples-Leftcolumn-PerfectMeasureSets'])">
                                    <i class="tweicon tweicon--tasting subnav__col-icon"></i>
                                    <span class="subnav__col-title">Perfect Measure Sets</span>
                                </a>
                                <a itemprop="url" href='/c/422/miniature-gift-sets'
                                    class='subnav__link subnav__link--underline subnav__link--grid'
                                    title="Miniature Gift Sets"
                                    onclick="_gaq.push(['_trackEvent', 'Navigation', 'click', 'MiniaturesSamples-Leftcolumn-MiniatureGiftSets'])">
                                    <i class="tweicon tweicon--whiskygifts subnav__col-icon"></i>
                                    <span class="subnav__col-title">Miniature Gift Sets</span>
                                </a>
                                <a itemprop="url" href='/new-products/miniatures-and-samples'
                                    class='subnav__link subnav__link--underline subnav__link--grid'
                                    title="New Miniatures & Samples"
                                    onclick="_gaq.push(['_trackEvent', 'Navigation', 'click', 'MiniaturesSamples-Leftcolumn-NewMiniaturesSamples'])">
                                    <i class="tweicon tweicon--new subnav__col-icon"></i>
                                    <span class="subnav__col-title">New Miniatures & Samples</span>
                                </a>
                                <a itemprop="url" href='/p/59957/20-whiskies-that-changed-the-world-tasting-set-20x3cl'
                                    class='subnav__link subnav__link--underline subnav__link--grid'
                                    title="20 Whiskies Tasting Set"
                                    onclick="_gaq.push(['_trackEvent', 'Navigation', 'click', 'MiniaturesSamples-Leftcolumn-20WhiskiesTastingSet'])">
                                    <i class="tweicon tweicon--heart subnav__col-icon"></i>
                                    <span class="subnav__col-title">20 Whiskies Tasting&nbsp;Set</span>
                                </a>
                            </div>
                            <div class="subnav__column subnav__column--w20">
                                <h3 class="subnav__title">
                                    Whisky Miniatures
                                </h3>
                                <a itemprop="url" href='/c/395/single-malt-scotch-whisky-miniatures'
                                    class='subnav__link ' title="Single Malt Scotch Whisky"
                                    onclick="_gaq.push(['_trackEvent', 'Navigation', 'click', 'MiniaturesSamples-WhiskyMiniatures-SingleMaltScotchWhisky'])">
                                    Single Malt Scotch Whisky
                                </a>
                                <a itemprop="url" href='/c/436/blended-scotch-whisky-miniatures' class='subnav__link '
                                    title="Blended Scotch Whisky"
                                    onclick="_gaq.push(['_trackEvent', 'Navigation', 'click', 'MiniaturesSamples-WhiskyMiniatures-BlendedScotchWhisky'])">
                                    Blended Scotch Whisky
                                </a>
                                <a itemprop="url" href='/c/469/blended-malt-scotch-whisky-miniatures'
                                    class='subnav__link ' title="Blended Malt Scotch Whisky"
                                    onclick="_gaq.push(['_trackEvent', 'Navigation', 'click', 'MiniaturesSamples-WhiskyMiniatures-BlendedMaltScotchWhisky'])">
                                    Blended Malt Scotch Whisky
                                </a>
                                <a itemprop="url" href='/c/585/grain-scotch-whisky-miniatures' class='subnav__link '
                                    title="Grain Scotch Whisky"
                                    onclick="_gaq.push(['_trackEvent', 'Navigation', 'click', 'MiniaturesSamples-WhiskyMiniatures-GrainScotchWhisky'])">
                                    Grain Scotch Whisky
                                </a>
                                <a itemprop="url" href='/c/393/american-whiskey-miniatures' class='subnav__link '
                                    title="American Whiskey"
                                    onclick="_gaq.push(['_trackEvent', 'Navigation', 'click', 'MiniaturesSamples-WhiskyMiniatures-AmericanWhiskey'])">
                                    American Whiskey
                                </a>
                                <a itemprop="url" href='/c/425/canadian-whisky-miniatures' class='subnav__link '
                                    title="Canadian Whisky"
                                    onclick="_gaq.push(['_trackEvent', 'Navigation', 'click', 'MiniaturesSamples-WhiskyMiniatures-CanadianWhisky'])">
                                    Canadian Whisky
                                </a>
                                <a itemprop="url" href='/c/394/irish-whiskey-miniatures' class='subnav__link '
                                    title="Irish Whiskey"
                                    onclick="_gaq.push(['_trackEvent', 'Navigation', 'click', 'MiniaturesSamples-WhiskyMiniatures-IrishWhiskey'])">
                                    Irish Whiskey
                                </a>
                                <a itemprop="url" href='/c/419/japanese-whisky-miniatures' class='subnav__link '
                                    title="Japanese Whisky"
                                    onclick="_gaq.push(['_trackEvent', 'Navigation', 'click', 'MiniaturesSamples-WhiskyMiniatures-JapaneseWhisky'])">
                                    Japanese Whisky
                                </a>
                                <a itemprop="url" href='/c/417/world-whisky-miniatures' class='subnav__link '
                                    title="World Whisky"
                                    onclick="_gaq.push(['_trackEvent', 'Navigation', 'click', 'MiniaturesSamples-WhiskyMiniatures-WorldWhisky'])">
                                    World Whisky
                                </a>
                            </div>
                            <div class="subnav__column subnav__column--w20">
                                <h3 class="subnav__title">
                                    Spirits Miniatures
                                </h3>
                                <a itemprop="url" href='/c/386/absinthe-miniatures' class='subnav__link '
                                    title="Absinthe"
                                    onclick="_gaq.push(['_trackEvent', 'Navigation', 'click', 'MiniaturesSamples-SpiritsMiniatures-Absinthe'])">
                                    Absinthe
                                </a>
                                <a itemprop="url" href='/c/387/cognac-miniatures' class='subnav__link ' title="Cognac"
                                    onclick="_gaq.push(['_trackEvent', 'Navigation', 'click', 'MiniaturesSamples-SpiritsMiniatures-Cognac'])">
                                    Cognac
                                </a>
                                <a itemprop="url" href='/c/388/jenever-and-gin-miniatures' class='subnav__link '
                                    title="Jenever and Gin"
                                    onclick="_gaq.push(['_trackEvent', 'Navigation', 'click', 'MiniaturesSamples-SpiritsMiniatures-JeneverandGin'])">
                                    Jenever and Gin
                                </a>
                                <a itemprop="url" href='/c/630/grape-brandy-miniatures' class='subnav__link '
                                    title="Grape Brandy"
                                    onclick="_gaq.push(['_trackEvent', 'Navigation', 'click', 'MiniaturesSamples-SpiritsMiniatures-GrapeBrandy'])">
                                    Grape Brandy
                                </a>
                                <a itemprop="url" href='/c/680/mezcal-miniatures' class='subnav__link ' title="Mezcal"
                                    onclick="_gaq.push(['_trackEvent', 'Navigation', 'click', 'MiniaturesSamples-SpiritsMiniatures-Mezcal'])">
                                    Mezcal
                                </a>
                                <a itemprop="url" href='/c/390/rum-miniatures' class='subnav__link ' title="Rum"
                                    onclick="_gaq.push(['_trackEvent', 'Navigation', 'click', 'MiniaturesSamples-SpiritsMiniatures-Rum'])">
                                    Rum
                                </a>
                                <a itemprop="url" href='/c/391/tequila-miniatures' class='subnav__link ' title="Tequila"
                                    onclick="_gaq.push(['_trackEvent', 'Navigation', 'click', 'MiniaturesSamples-SpiritsMiniatures-Tequila'])">
                                    Tequila
                                </a>
                                <a itemprop="url" href='/c/392/vodka-miniatures' class='subnav__link ' title="Vodka"
                                    onclick="_gaq.push(['_trackEvent', 'Navigation', 'click', 'MiniaturesSamples-SpiritsMiniatures-Vodka'])">
                                    Vodka
                                </a>
                                <a itemprop="url" href='/c/431/other-spirits-and-syrup-miniatures' class='subnav__link '
                                    title="Other Spirits and Syrups"
                                    onclick="_gaq.push(['_trackEvent', 'Navigation', 'click', 'MiniaturesSamples-SpiritsMiniatures-OtherSpiritsandSyrups'])">
                                    Other Spirits and Syrups
                                </a>

                                <a itemprop="url" href='/c/421/aperitif-and-vermouth-miniatures' class='subnav__link '
                                    title="Aperitif and Vermouth"
                                    onclick="_gaq.push(['_trackEvent', 'Navigation', 'click', 'MiniaturesSamples-SpiritsMiniatures-AperitifandVermouth'])">
                                    Aperitif and Vermouth
                                </a>
                                <a itemprop="url" href='/c/389/liqueur-miniatures' class='subnav__link '
                                    title="Liqueurs"
                                    onclick="_gaq.push(['_trackEvent', 'Navigation', 'click', 'MiniaturesSamples-SpiritsMiniatures-Liqueurs'])">
                                    Liqueurs
                                </a>
                                <a itemprop="url" href='/c/420/whisky-liqueur-miniatures' class='subnav__link '
                                    title="Whisky Liqueurs"
                                    onclick="_gaq.push(['_trackEvent', 'Navigation', 'click', 'MiniaturesSamples-SpiritsMiniatures-WhiskyLiqueurs'])">
                                    Whisky Liqueurs
                                </a>
                            </div>
                            <div class="subnav__column subnav__column--w20">
                                <h3 class="subnav__title">
                                    Whisky Samples
                                </h3>
                                <a itemprop="url" href='/c/813/single-malt-scotch-whisky-samples' class='subnav__link '
                                    title="Single Malt Scotch Whisky"
                                    onclick="_gaq.push(['_trackEvent', 'Navigation', 'click', 'MiniaturesSamples-WhiskySamples-SingleMaltScotchWhisky'])">
                                    Single Malt Scotch Whisky
                                </a>
                                <a itemprop="url" href='/c/813/single-malt-scotch-whisky-samples?region=Campbeltown'
                                    class='subnav__link subnav__link--lowercase ' title="Campbeltown"
                                    onclick="_gaq.push(['_trackEvent', 'Navigation', 'click', 'MiniaturesSamples-WhiskySamples-SingleMaltScotchWhisky-Campbeltown'])">
                                    Campbeltown
                                </a>
                                <a itemprop="url" href='/c/813/single-malt-scotch-whisky-samples?region=Highland'
                                    class='subnav__link subnav__link--lowercase ' title="Highland"
                                    onclick="_gaq.push(['_trackEvent', 'Navigation', 'click', 'MiniaturesSamples-WhiskySamples-SingleMaltScotchWhisky-Highland'])">
                                    Highland
                                </a>
                                <a itemprop="url" href='/c/813/single-malt-scotch-whisky-samples?region=Island'
                                    class='subnav__link subnav__link--lowercase ' title="Island"
                                    onclick="_gaq.push(['_trackEvent', 'Navigation', 'click', 'MiniaturesSamples-WhiskySamples-SingleMaltScotchWhisky-Island'])">
                                    Island
                                </a>
                                <a itemprop="url" href='/c/813/single-malt-scotch-whisky-samples?region=Islay'
                                    class='subnav__link subnav__link--lowercase ' title="Islay"
                                    onclick="_gaq.push(['_trackEvent', 'Navigation', 'click', 'MiniaturesSamples-WhiskySamples-SingleMaltScotchWhisky-Islay'])">
                                    Islay
                                </a>
                                <a itemprop="url" href='/c/813/single-malt-scotch-whisky-samples?region=Lowland'
                                    class='subnav__link subnav__link--lowercase ' title="Lowland"
                                    onclick="_gaq.push(['_trackEvent', 'Navigation', 'click', 'MiniaturesSamples-WhiskySamples-SingleMaltScotchWhisky-Lowland'])">
                                    Lowland
                                </a>
                                <a itemprop="url" href='/c/813/single-malt-scotch-whisky-samples?region=Speyside'
                                    class='subnav__link subnav__link--lowercase ' title="Speyside"
                                    onclick="_gaq.push(['_trackEvent', 'Navigation', 'click', 'MiniaturesSamples-WhiskySamples-SingleMaltScotchWhisky-Speyside'])">
                                    Speyside
                                </a>

                                <a itemprop="url" href='/c/814/blended-malt-scotch-whisky-samples' class='subnav__link '
                                    title="Blended Malt Scotch Whisky"
                                    onclick="_gaq.push(['_trackEvent', 'Navigation', 'click', 'MiniaturesSamples-WhiskySamples-BlendedMaltScotchWhisky'])">
                                    Blended Malt Scotch Whisky
                                </a>
                                <a itemprop="url" href='/c/815/blended-scotch-whisky-samples' class='subnav__link '
                                    title="Blended Scotch Whisky"
                                    onclick="_gaq.push(['_trackEvent', 'Navigation', 'click', 'MiniaturesSamples-WhiskySamples-BlendedScotchWhisky'])">
                                    Blended Scotch Whisky
                                </a>
                                <a itemprop="url" href='/c/816/grain-scotch-whisky-samples' class='subnav__link '
                                    title="Grain Scotch Whisky"
                                    onclick="_gaq.push(['_trackEvent', 'Navigation', 'click', 'MiniaturesSamples-WhiskySamples-GrainScotchWhisky'])">
                                    Grain Scotch Whisky
                                </a>
                                <a itemprop="url" href='/c/817/american-whiskey-samples' class='subnav__link '
                                    title="American Whiskey"
                                    onclick="_gaq.push(['_trackEvent', 'Navigation', 'click', 'MiniaturesSamples-WhiskySamples-AmericanWhiskey'])">
                                    American Whiskey
                                </a>
                                <a itemprop="url" href='/c/818/japanese-whisky-samples' class='subnav__link '
                                    title="Japanese Whisky"
                                    onclick="_gaq.push(['_trackEvent', 'Navigation', 'click', 'MiniaturesSamples-WhiskySamples-JapaneseWhisky'])">
                                    Japanese Whisky
                                </a>
                                <a itemprop="url" href='/c/819/irish-whiskey-samples' class='subnav__link '
                                    title="Irish Whiskey"
                                    onclick="_gaq.push(['_trackEvent', 'Navigation', 'click', 'MiniaturesSamples-WhiskySamples-IrishWhiskey'])">
                                    Irish Whiskey
                                </a>
                                <a itemprop="url" href='/c/820/world-whisky-samples' class='subnav__link '
                                    title="World Whisky"
                                    onclick="_gaq.push(['_trackEvent', 'Navigation', 'click', 'MiniaturesSamples-WhiskySamples-WorldWhisky'])">
                                    World Whisky
                                </a>
                            </div>
                            <div class="subnav__column subnav__column--w20">
                                <h3 class="subnav__title">
                                    Spirits Samples
                                </h3>
                                <a itemprop="url" href='/c/821/cognac-samples' class='subnav__link ' title="Cognac"
                                    onclick="_gaq.push(['_trackEvent', 'Navigation', 'click', 'MiniaturesSamples-SpiritsSamples-Cognac'])">
                                    Cognac
                                </a>
                                <a itemprop="url" href='/c/822/armagnac-samples' class='subnav__link ' title="Armagnac"
                                    onclick="_gaq.push(['_trackEvent', 'Navigation', 'click', 'MiniaturesSamples-SpiritsSamples-Armagnac'])">
                                    Armagnac
                                </a>
                                <a itemprop="url" href='/c/823/jenever-and-gin-samples' class='subnav__link '
                                    title="Gin"
                                    onclick="_gaq.push(['_trackEvent', 'Navigation', 'click', 'MiniaturesSamples-SpiritsSamples-Gin'])">
                                    Gin
                                </a>
                                <a itemprop="url" href='/c/824/rum-samples' class='subnav__link ' title="Rum"
                                    onclick="_gaq.push(['_trackEvent', 'Navigation', 'click', 'MiniaturesSamples-SpiritsSamples-Rum'])">
                                    Rum
                                </a>
                                <a itemprop="url" href='/c/825/vodka-samples' class='subnav__link ' title="Vodka"
                                    onclick="_gaq.push(['_trackEvent', 'Navigation', 'click', 'MiniaturesSamples-SpiritsSamples-Vodka'])">
                                    Vodka
                                </a>
                                <a itemprop="url" href='/c/827/liqueurs-samples' class='subnav__link ' title="Liqueurs"
                                    onclick="_gaq.push(['_trackEvent', 'Navigation', 'click', 'MiniaturesSamples-SpiritsSamples-Liqueurs'])">
                                    Liqueurs
                                </a>
                                <a itemprop="url" href='/c/891/other-spirits-samples' class='subnav__link '
                                    title="Other Spirits"
                                    onclick="_gaq.push(['_trackEvent', 'Navigation', 'click', 'MiniaturesSamples-SpiritsSamples-OtherSpirits'])">
                                    Other Spirits
                                </a>
                            </div>
                        </div>
                    </div>
                </div>
                <div class="navbar__container">
                    <a itemprop="url" class="navbar__link js-navbar__link " href="/cocktails-and-mixers"
                        title="Cocktails &amp; Mixers">Cocktails <span class="navbar__line">&amp;&nbsp;Mixers</span></a>
                    <div class="subnav js-subnav">
                        <div class="subnav__container subnav--flex-row">
                            <div class="subnav__column subnav__column--w20">
                                <a itemprop="url" href='/cocktails-and-mixers'
                                    class='subnav__link subnav__link--underline subnav__link--grid'
                                    title="Cocktails & Mixers"
                                    onclick="_gaq.push(['_trackEvent', 'Navigation', 'click', 'CocktailsMixers-Leftcolumn-CocktailsMixers'])">
                                    <i class="tweicon tweicon--home subnav__col-icon"></i>
                                    <span class="subnav__col-title">Cocktails & Mixers</span>
                                </a>
                                <a itemprop="url" href='/specialoffers/spirits'
                                    class='subnav__link subnav__link--underline subnav__link--grid'
                                    title="Special Offers"
                                    onclick="_gaq.push(['_trackEvent', 'Navigation', 'click', 'CocktailsMixers-Leftcolumn-SpecialOffers'])">
                                    <i class="tweicon tweicon--specialoffer subnav__col-icon"></i>
                                    <span class="subnav__col-title">Special Offers</span>
                                </a>
                                <a itemprop="url" href='/cocktails'
                                    class='subnav__link subnav__link--underline subnav__link--grid'
                                    title="Cocktail recipes"
                                    onclick="_gaq.push(['_trackEvent', 'Navigation', 'click', 'CocktailsMixers-Leftcolumn-Cocktailrecipes'])">
                                    <i class="tweicon tweicon--cocktailglasses subnav__col-icon"></i>
                                    <span class="subnav__col-title">Cocktail recipes</span>
                                </a>
                                <a itemprop="url" href='/d/1031/bring-the-bar-home'
                                    class='subnav__link subnav__link--underline subnav__link--grid'
                                    title="Bring the Bar Home"
                                    onclick="_gaq.push(['_trackEvent', 'Navigation', 'click', 'CocktailsMixers-Leftcolumn-BringtheBarHome'])">
                                    <i class="tweicon tweicon--barware subnav__col-icon"></i>
                                    <span class="subnav__col-title">Bring the Bar Home</span>
                                </a>
                            </div>
                            <div class="subnav__column subnav__column--w60">
                                <h3 class="subnav__title">
                                    Shop by Type
                                </h3>
                                <div class="subnav--flex-row">
                                    <div class="subnav__column subnav__column--w50">
                                        <a itemprop="url" href='/c/345/bitters-and-sprays' class='subnav__link '
                                            title="Bitters"
                                            onclick="_gaq.push(['_trackEvent', 'Navigation', 'click', 'CocktailsMixers-ShopbyType-Bitters'])">
                                            Bitters
                                        </a>
                                        <a itemprop="url" href='/c/580/pre-mixed-cocktails-and-kits'
                                            class='subnav__link ' title="Pre-Mixed Cocktails"
                                            onclick="_gaq.push(['_trackEvent', 'Navigation', 'click', 'CocktailsMixers-ShopbyType-PreMixedCocktails'])">
                                            Pre-Mixed Cocktails
                                        </a>
                                        <a itemprop="url" href='/c/649/garnishes-sauces-and-cocktail-fruit'
                                            class='subnav__link ' title="Garnishes"
                                            onclick="_gaq.push(['_trackEvent', 'Navigation', 'click', 'CocktailsMixers-ShopbyType-Garnishes'])">
                                            Garnishes
                                        </a>
                                        <a itemprop="url" href='/c/519/chocolate-popcorn-and-treats'
                                            class='subnav__link ' title="Chocolates & Treats"
                                            onclick="_gaq.push(['_trackEvent', 'Navigation', 'click', 'CocktailsMixers-ShopbyType-ChocolatesTreats'])">
                                            Chocolates & Treats
                                        </a>
                                    </div>
                                    <div class="subnav__column subnav__column--w50">
                                        <a itemprop="url" href='/c/1013/non-alcoholic-drinks' class='subnav__link  '
                                            title="Alcohol Alternatives"
                                            onclick="_gaq.push(['_trackEvent', 'Navigation', 'click', 'CocktailsMixers-ShopbyType-AlcoholAlternatives'])">
                                            Alcohol Alternatives
                                        </a>
                                        <a itemprop="url" class="subnav__link subnav__link--lowercase"
                                            href="/c/903/non-alcoholic-spirits" title="Non-Alcoholic Spirits"
                                            onclick="_gaq.push(['_trackEvent', 'Navigation', 'click', 'CocktailsMixers-ShopbyType-AlcoholAlternatives-NonAlcoholicSpirits'])">Non-Alcoholic
                                            Spirits</a><a itemprop="url" class="subnav__link subnav__link--lowercase"
                                            href="/c/1014/non-alcoholic-aperitifs" title="Non-Alcoholic Aperitifs"
                                            onclick="_gaq.push(['_trackEvent', 'Navigation', 'click', 'CocktailsMixers-ShopbyType-AlcoholAlternatives-NonAlcoholicAperitifs'])">Non-Alcoholic
                                            Aperitifs</a><a itemprop="url" class="subnav__link subnav__link--lowercase"
                                            href="/c/1015/low-alcohol-drinks" title="Low-Alcohol Drinks"
                                            onclick="_gaq.push(['_trackEvent', 'Navigation', 'click', 'CocktailsMixers-ShopbyType-AlcoholAlternatives-LowAlcoholDrinks'])">Low-Alcohol
                                            Drinks</a>
                                        <a itemprop="url" href='/c/348/soft-drinks-and-syrups' class='subnav__link  '
                                            title="Soft Drinks & Syrups"
                                            onclick="_gaq.push(['_trackEvent', 'Navigation', 'click', 'CocktailsMixers-ShopbyType-SoftDrinksSyrups'])">
                                            Soft Drinks & Syrups
                                        </a>
                                        <a itemprop="url" class="subnav__link subnav__link--lowercase"
                                            href="/c/1082/fruit-juices" title="Fruit Juices"
                                            onclick="_gaq.push(['_trackEvent', 'Navigation', 'click', 'CocktailsMixers-ShopbyType-SoftDrinksSyrups-FruitJuices'])">Fruit
                                            Juices</a><a itemprop="url" class="subnav__link subnav__link--lowercase"
                                            href="/c/579/soft-drinks-and-mixers" title="Soft Drinks and Mixers"
                                            onclick="_gaq.push(['_trackEvent', 'Navigation', 'click', 'CocktailsMixers-ShopbyType-SoftDrinksSyrups-SoftDrinksandMixers'])">Soft
                                            Drinks and Mixers</a><a itemprop="url"
                                            class="subnav__link subnav__link--lowercase"
                                            href="/c/734/switchels-and-kombuchas" title="Switchels and Kombuchas"
                                            onclick="_gaq.push(['_trackEvent', 'Navigation', 'click', 'CocktailsMixers-ShopbyType-SoftDrinksSyrups-SwitchelsandKombuchas'])">Switchels
                                            and Kombuchas</a><a itemprop="url"
                                            class="subnav__link subnav__link--lowercase" href="/c/350/syrups-and-purees"
                                            title="Syrups and Purées"
                                            onclick="_gaq.push(['_trackEvent', 'Navigation', 'click', 'CocktailsMixers-ShopbyType-SoftDrinksSyrups-SyrupsandPures'])">Syrups
                                            and Purées</a>
                                    </div>
                                </div>
                            </div>
                            <div class="subnav__column subnav__column--w20">
                                <h3 class="subnav__title">
                                    Inspire Me
                                </h3>
                                <a itemprop="url" href='/c/655/drinks-books?type=Cocktails'
                                    class='subnav__link subnav__link--grid ' title="Cocktail Books"
                                    onclick="_gaq.push(['_trackEvent', 'Navigation', 'click', 'CocktailsMixers-InspireMe-CocktailBooks'])">
                                    <i class="tweicon tweicon--books subnav__col-icon"></i>
                                    <span class="subnav__col-title">Cocktail Books</span>
                                </a>
                                <a itemprop="url" href='/c/716/bar-equipment' class='subnav__link subnav__link--grid '
                                    title="Barware"
                                    onclick="_gaq.push(['_trackEvent', 'Navigation', 'click', 'CocktailsMixers-InspireMe-Barware'])">
                                    <i class="tweicon tweicon--barware subnav__col-icon"></i>
                                    <span class="subnav__col-title">Barware</span>
                                </a>
                                <a itemprop="url" href='/c/400/cocktail-glasses'
                                    class='subnav__link subnav__link--grid ' title="Cocktail Glasses"
                                    onclick="_gaq.push(['_trackEvent', 'Navigation', 'click', 'CocktailsMixers-InspireMe-CocktailGlasses'])">
                                    <i class="tweicon tweicon--cocktailglasses subnav__col-icon"></i>
                                    <span class="subnav__col-title">Cocktail Glasses</span>
                                </a>
                                <a itemprop="url" href='/feature/focuson/aperitivotime'
                                    class='subnav__link subnav__link--grid ' title="Aperitivo Time"
                                    onclick="_gaq.push(['_trackEvent', 'Navigation', 'click', 'CocktailsMixers-InspireMe-AperitivoTime'])">
                                    <i class="tweicon tweicon--mixersfor subnav__col-icon"></i>
                                    <span class="subnav__col-title">Aperitivo Time</span>
                                </a>
                            </div>
                        </div>
                    </div>
                </div>
                <div class="navbar__container">
                    <a itemprop="url" class="navbar__link js-navbar__link " href="/books-and-accessories"
                        title="Books &amp; Accessories">Books <span
                            class="navbar__line">&amp;&nbsp;Accessories</span></a>
                    <div class="subnav js-subnav">
                        <div class="subnav__container subnav--flex-row">
                            <div class="subnav__column subnav__column--w20">
                                <a itemprop="url" href='/books-and-accessories'
                                    class='subnav__link subnav__link--underline subnav__link--grid'
                                    title="Books & Accessories"
                                    onclick="_gaq.push(['_trackEvent', 'Navigation', 'click', 'BooksAccessories-Leftcolumn-BooksAccessories'])">
                                    <i class="tweicon tweicon--home subnav__col-icon"></i>
                                    <span class="subnav__col-title">Books & Accessories</span>
                                </a>
                                <a itemprop="url" href='/d/735/drinks-gift-collections'
                                    class='subnav__link subnav__link--underline subnav__link--grid'
                                    title="Gift Collections"
                                    onclick="_gaq.push(['_trackEvent', 'Navigation', 'click', 'BooksAccessories-Leftcolumn-GiftCollections'])">
                                    <i class="tweicon tweicon--gift subnav__col-icon"></i>
                                    <span class="subnav__col-title">Gift Collections</span>
                                </a>
                                <a itemprop="url" href='/p/61498/everything-you-need-to-know-about-whisky'
                                    class='subnav__link subnav__link--underline subnav__link--grid'
                                    title="Our Whisky Book"
                                    onclick="_gaq.push(['_trackEvent', 'Navigation', 'click', 'BooksAccessories-Leftcolumn-OurWhiskyBook'])">
                                    <i class="tweicon tweicon--books subnav__col-icon"></i>
                                    <span class="subnav__col-title">Our Whisky Book</span>
                                </a>
                            </div>
                            <div class="subnav__column subnav__column--w60">
                                <h3 class="subnav__title">
                                    Shop by Type
                                </h3>
                                <div class="subnav--flex-row">
                                    <div class="subnav__column subnav__column--w50">
                                        <a itemprop="url" href='/c/396/glassware' class='subnav__link  '
                                            title="Glassware"
                                            onclick="_gaq.push(['_trackEvent', 'Navigation', 'click', 'BooksAccessories-ShopbyType-Glassware'])">
                                            Glassware
                                        </a>
                                        <a itemprop="url" class="subnav__link subnav__link--lowercase"
                                            href="/c/707/beer-glasses" title="Beer Glasses"
                                            onclick="_gaq.push(['_trackEvent', 'Navigation', 'click', 'BooksAccessories-ShopbyType-Glassware-BeerGlasses'])">Beer
                                            Glasses</a><a itemprop="url" class="subnav__link subnav__link--lowercase"
                                            href="/c/401/champagne-and-wine-glasses" title="Champagne and Wine Glasses"
                                            onclick="_gaq.push(['_trackEvent', 'Navigation', 'click', 'BooksAccessories-ShopbyType-Glassware-ChampagneandWineGlasses'])">Champagne
                                            and Wine Glasses</a><a itemprop="url"
                                            class="subnav__link subnav__link--lowercase" href="/c/400/cocktail-glasses"
                                            title="Cocktail Glasses"
                                            onclick="_gaq.push(['_trackEvent', 'Navigation', 'click', 'BooksAccessories-ShopbyType-Glassware-CocktailGlasses'])">Cocktail
                                            Glasses</a><a itemprop="url" class="subnav__link subnav__link--lowercase"
                                            href="/c/728/decanters" title="Decanters"
                                            onclick="_gaq.push(['_trackEvent', 'Navigation', 'click', 'BooksAccessories-ShopbyType-Glassware-Decanters'])">Decanters</a><a
                                            itemprop="url" class="subnav__link subnav__link--lowercase"
                                            href="/c/397/highball-and-tumbler-glasses"
                                            title="Highball and Tumbler Glasses"
                                            onclick="_gaq.push(['_trackEvent', 'Navigation', 'click', 'BooksAccessories-ShopbyType-Glassware-HighballandTumblerGlasses'])">Highball
                                            and Tumbler Glasses</a><a itemprop="url"
                                            class="subnav__link subnav__link--lowercase" href="/c/483/mixing-glasses"
                                            title="Mixing Glasses"
                                            onclick="_gaq.push(['_trackEvent', 'Navigation', 'click', 'BooksAccessories-ShopbyType-Glassware-MixingGlasses'])">Mixing
                                            Glasses</a><a itemprop="url" class="subnav__link subnav__link--lowercase"
                                            href="/c/399/shot-glasses" title="Shot Glasses"
                                            onclick="_gaq.push(['_trackEvent', 'Navigation', 'click', 'BooksAccessories-ShopbyType-Glassware-ShotGlasses'])">Shot
                                            Glasses</a><a itemprop="url" class="subnav__link subnav__link--lowercase"
                                            href="/c/398/tasting-glasses" title="Tasting Glasses"
                                            onclick="_gaq.push(['_trackEvent', 'Navigation', 'click', 'BooksAccessories-ShopbyType-Glassware-TastingGlasses'])">Tasting
                                            Glasses</a><a itemprop="url" class="subnav__link subnav__link--lowercase"
                                            href="/c/1151/ceramic-mugs-and-cups" title="Ceramic Mugs and Cups"
                                            onclick="_gaq.push(['_trackEvent', 'Navigation', 'click', 'BooksAccessories-ShopbyType-Glassware-CeramicMugsandCups'])">Ceramic
                                            Mugs and Cups</a>
                                    </div>
                                    <div class="subnav__column subnav__column--w50">
                                        <a itemprop="url" href='/c/466/bar-accessories' class='subnav__link  '
                                            title="Bar Accessories"
                                            onclick="_gaq.push(['_trackEvent', 'Navigation', 'click', 'BooksAccessories-ShopbyType-BarAccessories'])">
                                            Bar Accessories
                                        </a>
                                        <a itemprop="url" class="subnav__link subnav__link--lowercase"
                                            href="/c/716/bar-equipment" title="Bar Equipment"
                                            onclick="_gaq.push(['_trackEvent', 'Navigation', 'click', 'BooksAccessories-ShopbyType-BarAccessories-BarEquipment'])">Bar
                                            Equipment</a><a itemprop="url" class="subnav__link subnav__link--lowercase"
                                            href="/c/715/jigsaws-and-party-accessories"
                                            title="Jigsaws and Party Accessories"
                                            onclick="_gaq.push(['_trackEvent', 'Navigation', 'click', 'BooksAccessories-ShopbyType-BarAccessories-JigsawsandPartyAccessories'])">Jigsaws
                                            and Party Accessories</a>
                                        <a itemprop="url" href='/c/717/hip-flasks' class='subnav__link '
                                            title="Hip Flasks"
                                            onclick="_gaq.push(['_trackEvent', 'Navigation', 'click', 'BooksAccessories-ShopbyType-HipFlasks'])">
                                            Hip Flasks
                                        </a>
                                        <a itemprop="url" href='/c/402/books' class='subnav__link  ' title="Books"
                                            onclick="_gaq.push(['_trackEvent', 'Navigation', 'click', 'BooksAccessories-ShopbyType-Books'])">
                                            Books
                                        </a>
                                        <a itemprop="url" class="subnav__link subnav__link--lowercase"
                                            href="/c/423/whisky-books" title="Whisky Books"
                                            onclick="_gaq.push(['_trackEvent', 'Navigation', 'click', 'BooksAccessories-ShopbyType-Books-WhiskyBooks'])">Whisky
                                            Books</a><a itemprop="url" class="subnav__link subnav__link--lowercase"
                                            href="/c/655/drinks-books" title="Drinks Books"
                                            onclick="_gaq.push(['_trackEvent', 'Navigation', 'click', 'BooksAccessories-ShopbyType-Books-DrinksBooks'])">Drinks
                                            Books</a>
                                        <a itemprop="url" href='/c/588/gift-boxes' class='subnav__link '
                                            title="Gift Boxes"
                                            onclick="_gaq.push(['_trackEvent', 'Navigation', 'click', 'BooksAccessories-ShopbyType-GiftBoxes'])">
                                            Gift Boxes
                                        </a>
                                    </div>
                                </div>
                            </div>
                            <div class="subnav__column subnav__column--w20">
                                <h3 class="subnav__title">
                                    Inspire Me
                                </h3>
                                <a itemprop="url" href='/c/525/clothing' class='subnav__link subnav__link--grid '
                                    title="T-Shirts"
                                    onclick="_gaq.push(['_trackEvent', 'Navigation', 'click', 'BooksAccessories-InspireMe-TShirts'])">
                                    <i class="tweicon tweicon--tshirt subnav__col-icon"></i>
                                    <span class="subnav__col-title">T-Shirts</span>
                                </a>
                                <a itemprop="url" href='/c/729/memorabilia' class='subnav__link subnav__link--grid '
                                    title="Memorabilia"
                                    onclick="_gaq.push(['_trackEvent', 'Navigation', 'click', 'BooksAccessories-InspireMe-Memorabilia'])">
                                    <i class="tweicon tweicon--memorbilia subnav__col-icon"></i>
                                    <span class="subnav__col-title">Memorabilia</span>
                                </a>
                                <a itemprop="url" href='/c/457/distillery-memorabilia'
                                    class='subnav__link subnav__link--lowercase ' title="Distillery Memorabilia"
                                    onclick="_gaq.push(['_trackEvent', 'Navigation', 'click', 'BooksAccessories-InspireMe-Memorabilia-DistilleryMemorabilia'])">
                                    Distillery Memorabilia
                                </a>
                                <a itemprop="url" href='/c/590/empty-collectible-decanters'
                                    class='subnav__link subnav__link--lowercase ' title="Empty Collectible Decanters"
                                    onclick="_gaq.push(['_trackEvent', 'Navigation', 'click', 'BooksAccessories-InspireMe-Memorabilia-EmptyCollectibleDecanters'])">
                                    Empty Collectible Decanters
                                </a>
                            </div>
                        </div>
                    </div>
                </div>
            </div>
        </nav>




        <div class="site-notify js-site-notify__placeholder"></div>


        <div role="main" itemprop="mainContentOfPage" itemscope itemtype="http://schema.org/WebPageElement" id="content"
            class="wrapper new-filterdrawer">
            <div id="tweSearchTitle" class="wrapper">
                <div class="container">
                    <h1 class="search-title">
                        Search result for "<span class="search-term">cider</span>"
                    </h1>
                </div>
            </div>
            <section class="filter-bar js-filter-bar">
                <div class="filter-bar__section filter-bar__section--count">
                    <p class="paging-count js-paging-count" data-firstPageDisplayed="1" data-lastPageDisplayed="1"
                        data-totalpages="7" data-totalproducts="162" data-filteredproducts="147" data-pagesize="24">
                        Showing <span class="paging-count__value js-paging-count__value--start"></span> to <span
                            class="paging-count__value js-paging-count__value--end"></span> of <span
                            class="paging-count__value js-paging-count__value--total"></span> products
                    </p>
                </div>
                <div class="filter-bar__tags js-filter-bar__tags"></div>
                <div
                    class="filter-bar__section js-filter-bar__section--button-previous filter-bar__section--button-previous filter-bar__section--button-previous-hide">
                    <a class="paging__button paging__button--previous js-paging__button--loadprevious cta-button cta-button--regular cta-button--bravo"
                        href="#" title="Load Previous Products">Load Previous Products</a>
                </div>
                <div class="filter-bar__section filter-bar__section--button">
                    <button
                        class="filter-bar__button js-filter-bar__button cta-button cta-button--alpha cta-button--regular"><i
                            class="fal fa-sliders-h"></i>Sort &amp; Filter</button>
                </div>
            </section>
            <section class="filter-drawer js-filter-drawer" data-changed data-products>
                <div class="filter-drawer__content js-filter-drawer__content">
                    <div class="filter-drawer__container">
                        <header class="filter-drawer__header">
                            <h3 class="filter-drawer__title">Sort &amp; Filter</h3>
                            <button class="filter-drawer__close js-filter-drawer__close"><i
                                    class="fal fa-times"></i></button>
                        </header>
                        <div class="filter-drawer__controls">
                            <label class="filter-drawer__label">View</label>
                            <div class="filter-drawer-buttons filter-buttons">
                                <input class="filter-buttons__input js-filter-drawer-buttons__input"
                                    id="filtersViewGrid" name="filtersView" type="radio" value="grid" checked>
                                <label class="filter-buttons__button" for="filtersViewGrid"><i
                                        class="fas fa-th"></i>Grid</label>
                                <input class="filter-buttons__input js-filter-drawer-buttons__input"
                                    id="filtersViewList" name="filtersView" type="radio" value="list">
                                <label class="filter-buttons__button" for="filtersViewList"><i
                                        class="fas fa-align-justify"></i>List</label>
                            </div>
                            <label for="sortingOrder" class="filter-drawer__label">Sort By</label>
                            <select name="Sort By" id="sortingOrder"
                                class="filter-drawer__filter js-filter-drawer__filter">
                                <option value="rdesc" selected>Relevance</option>
                                <option value="ldesc">Latest (Newest - Oldest)</option>
                                <option value="lasc">Latest (Oldest - Newest)</option>
                                <option value="nasc">Name (A - Z)</option>
                                <option value="ndesc">Name (Z - A)</option>
                                <option value="pasc">Price (Low - High)</option>
                                <option value="pdesc">Price (High - Low)</option>
                            </select>
                            <label class="filter-drawer__label">Page Size</label>
                            <div class="filter-drawer-buttons filter-buttons">
                                <input class="filter-buttons__input js-filter-drawer-buttons__input"
                                    id="filtersPageSize24" name="filtersPageSize" type="radio"
                                    onclick="_gaq.push(['_trackEvent', 'filter-Search page', 'click', 'PageSize-24'])"
                                    value="24" checked>
                                <label class="filter-buttons__button" for="filtersPageSize24">24</label>
                                <input class="filter-buttons__input js-filter-drawer-buttons__input"
                                    id="filtersPageSize60" name="filtersPageSize" type="radio"
                                    onclick="_gaq.push(['_trackEvent', 'filter-Search page', 'click', 'PageSize-60'])"
                                    value="60">
                                <label class="filter-buttons__button" for="filtersPageSize60">60</label>
                                <input class="filter-buttons__input js-filter-drawer-buttons__input"
                                    id="filtersPageSize120" name="filtersPageSize" type="radio"
                                    onclick="_gaq.push(['_trackEvent', 'filter-Search page', 'click', 'PageSize-120'])"
                                    value="120">
                                <label class="filter-buttons__button" for="filtersPageSize120">120</label>
                            </div>
                        </div>
                        <div class="filter-drawer__tags js-filter-drawer__tags">
                        </div>
                        <div class="filter-drawer__filters js-filter-drawer__filters">
                            <details class="filter-accordion ">
                                <summary class="filter-accordion__title">
                                    Price Range
                                    <i class="far fa-chevron-down filter-accordion__title-icon"></i>
                                    <i class="far fa-chevron-up filter-accordion__title-icon"></i>
                                </summary>
                                <div class="filter-accordion__list js-filter-accordion__list">
                                    <div class="filter-drawer-slider js-filter-drawer-slider" id="filterPrice"
                                        data-filtertype="slider" data-filtername="Price" data-valuemin="0"
                                        data-valuemax="2500" data-rangemin="0" data-rangemax="2500"
                                        data-range='{"min": [0,10],"32%": [100, 50],"90%": [1000, 500],"max": [2500]}'>
                                        <div class="filter-drawer-slider__slider js-filter-drawer-slider__slider"
                                            id="filterPriceSlider"></div>
                                        <label for="filterPriceMin"
                                            class="filter-drawer-slider__label filter-drawer-slider__label--min">Min
                                            (&#163;)</label>
                                        <input type="number" id="filterPriceMin"
                                            class="filter-drawer-slider__input js-filter-drawer-slider__input filter-drawer-slider__input--min js-filter-drawer-slider__input--min"
                                            value="0" step="1" pattern="\d+" min="0">
                                        <label for="filterPriceMax"
                                            class="filter-drawer-slider__label filter-drawer-slider__label--max">Max
                                            (&#163;)</label>
                                        <input type="number" id="filterPriceMax"
                                            class="filter-drawer-slider__input js-filter-drawer-slider__input filter-drawer-slider__input--max js-filter-drawer-slider__input--max"
                                            value="2500" step="1" pattern="\d+" max="2500">
                                        <button
                                            class="filter-drawer-slider__button cta-button cta-button--regular cta-button--full-width cta-button--disabled"
                                            onclick="_gaq.push(['_trackEvent', 'filter-Search+page', 'click', 'Price'])">Apply</button>
                                    </div>
                                </div>
                            </details>
                            <details class="filter-accordion ">
                                <summary class="filter-accordion__title">
                                    Bottling Status
                                    <i class="far fa-chevron-down filter-accordion__title-icon"></i>
                                    <i class="far fa-chevron-up filter-accordion__title-icon"></i>
                                </summary>
                                <div id="filterBottlingStatus" class="filter-accordion__list js-filter-accordion__list"
                                    data-filtertype="multiselect" data-filtername="BottlingStatus">
                                    <div class="filter-checkbox filter-checkbox--v2">
                                        <input class="filter-checkbox__input js-filter-checkbox__input" type="checkbox"
                                            id="filterBottlingStatus_Current" data-value="Current"
                                            onclick="_gaq.push(['_trackEvent', 'filter-Search+page', 'click', 'BottlingStatus-Current'])" />
                                        <label class="filter-checkbox__label filter-checkbox__label-checkbox"
                                            for="filterBottlingStatus_Current">Current (139)</label>
                                    </div>
                                    <div class="filter-checkbox filter-checkbox--v2">
                                        <input class="filter-checkbox__input js-filter-checkbox__input" type="checkbox"
                                            id="filterBottlingStatus_Discontinued" data-value="Discontinued"
                                            onclick="_gaq.push(['_trackEvent', 'filter-Search+page', 'click', 'BottlingStatus-Discontinued'])" />
                                        <label class="filter-checkbox__label filter-checkbox__label-checkbox"
                                            for="filterBottlingStatus_Discontinued">Discontinued (8)</label>
                                    </div>
                                </div>
                            </details>
                            <details class="filter-accordion ">
                                <summary class="filter-accordion__title">
                                    Category
                                    <i class="far fa-chevron-down filter-accordion__title-icon"></i>
                                    <i class="far fa-chevron-up filter-accordion__title-icon"></i>
                                </summary>
                                <div id="filterCategory" class="filter-accordion__list js-filter-accordion__list"
                                    data-filtertype="multiselect" data-filtername="Category">
                                    <div class="filter-checkbox filter-checkbox--v2">
                                        <input class="filter-checkbox__input js-filter-checkbox__input" type="checkbox"
                                            id="filterCategory_American+Whiskey" data-value="American+Whiskey"
                                            onclick="_gaq.push(['_trackEvent', 'filter-Search+page', 'click', 'Category-American+Whiskey'])" />
                                        <label class="filter-checkbox__label filter-checkbox__label-checkbox"
                                            for="filterCategory_American+Whiskey">American Whiskey (1)</label>
                                    </div>
                                    <div class="filter-checkbox filter-checkbox--v2">
                                        <input class="filter-checkbox__input js-filter-checkbox__input" type="checkbox"
                                            id="filterCategory_American+Whiskey+%3e+Malt"
                                            data-value="American+Whiskey+%3e+Malt"
                                            onclick="_gaq.push(['_trackEvent', 'filter-Search+page', 'click', 'Category-American+Whiskey+%3e+Malt'])" />
                                        <label class="filter-checkbox__label filter-checkbox__label-checkbox"
                                            for="filterCategory_American+Whiskey+%3e+Malt">American Whiskey &gt; Malt
                                            (1)</label>
                                    </div>
                                    <div class="filter-checkbox filter-checkbox--v2">
                                        <input class="filter-checkbox__input js-filter-checkbox__input" type="checkbox"
                                            id="filterCategory_Cider" data-value="Cider"
                                            onclick="_gaq.push(['_trackEvent', 'filter-Search+page', 'click', 'Category-Cider'])" />
                                        <label class="filter-checkbox__label filter-checkbox__label-checkbox"
                                            for="filterCategory_Cider">Cider (9)</label>
                                    </div>
                                    <div class="filter-checkbox filter-checkbox--v2">
                                        <input class="filter-checkbox__input js-filter-checkbox__input" type="checkbox"
                                            id="filterCategory_Liqueurs" data-value="Liqueurs"
                                            onclick="_gaq.push(['_trackEvent', 'filter-Search+page', 'click', 'Category-Liqueurs'])" />
                                        <label class="filter-checkbox__label filter-checkbox__label-checkbox"
                                            for="filterCategory_Liqueurs">Liqueurs (1)</label>
                                    </div>
                                    <div class="filter-checkbox filter-checkbox--v2">
                                        <input class="filter-checkbox__input js-filter-checkbox__input" type="checkbox"
                                            id="filterCategory_Liqueurs+%3e+Fruit+Liqueurs"
                                            data-value="Liqueurs+%3e+Fruit+Liqueurs"
                                            onclick="_gaq.push(['_trackEvent', 'filter-Search+page', 'click', 'Category-Liqueurs+%3e+Fruit+Liqueurs'])" />
                                        <label class="filter-checkbox__label filter-checkbox__label-checkbox"
                                            for="filterCategory_Liqueurs+%3e+Fruit+Liqueurs">Liqueurs &gt; Fruit
                                            Liqueurs (1)</label>
                                    </div>
                                    <div class="filter-checkbox filter-checkbox--v2">
                                        <input class="filter-checkbox__input js-filter-checkbox__input" type="checkbox"
                                            id="filterCategory_Non-Alcoholic+Drinks" data-value="Non-Alcoholic+Drinks"
                                            onclick="_gaq.push(['_trackEvent', 'filter-Search+page', 'click', 'Category-Non-Alcoholic+Drinks'])" />
                                        <label class="filter-checkbox__label filter-checkbox__label-checkbox"
                                            for="filterCategory_Non-Alcoholic+Drinks">Non-Alcoholic Drinks (4)</label>
                                    </div>
                                    <div class="filter-checkbox filter-checkbox--v2">
                                        <input class="filter-checkbox__input js-filter-checkbox__input" type="checkbox"
                                            id="filterCategory_Non-Alcoholic+Drinks+%3e+Non-Alcoholic+Spirits"
                                            data-value="Non-Alcoholic+Drinks+%3e+Non-Alcoholic+Spirits"
                                            onclick="_gaq.push(['_trackEvent', 'filter-Search+page', 'click', 'Category-Non-Alcoholic+Drinks+%3e+Non-Alcoholic+Spirits'])" />
                                        <label class="filter-checkbox__label filter-checkbox__label-checkbox"
                                            for="filterCategory_Non-Alcoholic+Drinks+%3e+Non-Alcoholic+Spirits">Non-Alcoholic
                                            Drinks &gt; Non-Alcoholic Spirits (4)</label>
                                    </div>
                                    <div class="filter-checkbox filter-checkbox--v2">
                                        <input class="filter-checkbox__input js-filter-checkbox__input" type="checkbox"
                                            id="filterCategory_Other+Spirits" data-value="Other+Spirits"
                                            onclick="_gaq.push(['_trackEvent', 'filter-Search+page', 'click', 'Category-Other+Spirits'])" />
                                        <label class="filter-checkbox__label filter-checkbox__label-checkbox"
                                            for="filterCategory_Other+Spirits">Other Spirits (130)</label>
                                    </div>
                                    <div class="filter-checkbox filter-checkbox--v2">
                                        <input class="filter-checkbox__input js-filter-checkbox__input" type="checkbox"
                                            id="filterCategory_Other+Spirits+%3e+Calvados+%2f+Cider+Brandy"
                                            data-value="Other+Spirits+%3e+Calvados+%2f+Cider+Brandy"
                                            onclick="_gaq.push(['_trackEvent', 'filter-Search+page', 'click', 'Category-Other+Spirits+%3e+Calvados+%2f+Cider+Brandy'])" />
                                        <label class="filter-checkbox__label filter-checkbox__label-checkbox"
                                            for="filterCategory_Other+Spirits+%3e+Calvados+%2f+Cider+Brandy">Other
                                            Spirits &gt; Calvados / Cider Brandy (129)</label>
                                    </div>
                                    <div class="filter-checkbox filter-checkbox--v2">
                                        <input class="filter-checkbox__input js-filter-checkbox__input" type="checkbox"
                                            id="filterCategory_Other+Spirits+%3e+Eau-De-Vie"
                                            data-value="Other+Spirits+%3e+Eau-De-Vie"
                                            onclick="_gaq.push(['_trackEvent', 'filter-Search+page', 'click', 'Category-Other+Spirits+%3e+Eau-De-Vie'])" />
                                        <label class="filter-checkbox__label filter-checkbox__label-checkbox"
                                            for="filterCategory_Other+Spirits+%3e+Eau-De-Vie">Other Spirits &gt;
                                            Eau-De-Vie (1)</label>
                                    </div>
                                    <div class="filter-checkbox filter-checkbox--v2">
                                        <input class="filter-checkbox__input js-filter-checkbox__input" type="checkbox"
                                            id="filterCategory_Samples" data-value="Samples"
                                            onclick="_gaq.push(['_trackEvent', 'filter-Search+page', 'click', 'Category-Samples'])" />
                                        <label class="filter-checkbox__label filter-checkbox__label-checkbox"
                                            for="filterCategory_Samples">Samples (1)</label>
                                    </div>
                                    <div class="filter-checkbox filter-checkbox--v2">
                                        <input class="filter-checkbox__input js-filter-checkbox__input" type="checkbox"
                                            id="filterCategory_Samples+%3e+Other+Spirits"
                                            data-value="Samples+%3e+Other+Spirits"
                                            onclick="_gaq.push(['_trackEvent', 'filter-Search+page', 'click', 'Category-Samples+%3e+Other+Spirits'])" />
                                        <label class="filter-checkbox__label filter-checkbox__label-checkbox"
                                            for="filterCategory_Samples+%3e+Other+Spirits">Samples &gt; Other Spirits
                                            (1)</label>
                                    </div>
                                    <div class="filter-checkbox filter-checkbox--v2">
                                        <input class="filter-checkbox__input js-filter-checkbox__input" type="checkbox"
                                            id="filterCategory_Vermouths+and+Aperitifs"
                                            data-value="Vermouths+and+Aperitifs"
                                            onclick="_gaq.push(['_trackEvent', 'filter-Search+page', 'click', 'Category-Vermouths+and+Aperitifs'])" />
                                        <label class="filter-checkbox__label filter-checkbox__label-checkbox"
                                            for="filterCategory_Vermouths+and+Aperitifs">Vermouths and Aperitifs
                                            (1)</label>
                                    </div>
                                </div>
                            </details>
                            <details class="filter-accordion ">
                                <summary class="filter-accordion__title">
                                    Region
                                    <i class="far fa-chevron-down filter-accordion__title-icon"></i>
                                    <i class="far fa-chevron-up filter-accordion__title-icon"></i>
                                </summary>
                                <div id="filterRegion" class="filter-accordion__list js-filter-accordion__list"
                                    data-filtertype="multiselect" data-filtername="Region">
                                    <div class="filter-checkbox filter-checkbox--v2">
                                        <input class="filter-checkbox__input js-filter-checkbox__input" type="checkbox"
                                            id="filterRegion_Iowa" data-value="Iowa"
                                            onclick="_gaq.push(['_trackEvent', 'filter-Search+page', 'click', 'Region-Iowa'])" />
                                        <label class="filter-checkbox__label filter-checkbox__label-checkbox"
                                            for="filterRegion_Iowa">Iowa (1)</label>
                                    </div>
                                    <div class="filter-checkbox filter-checkbox--v2">
                                        <input class="filter-checkbox__input js-filter-checkbox__input" type="checkbox"
                                            id="filterRegion_Pays+D%27Auge" data-value="Pays+D%27Auge"
                                            onclick="_gaq.push(['_trackEvent', 'filter-Search+page', 'click', 'Region-Pays+D%27Auge'])" />
                                        <label class="filter-checkbox__label filter-checkbox__label-checkbox"
                                            for="filterRegion_Pays+D%27Auge">Pays D&#39;Auge (1)</label>
                                    </div>
                                </div>
                            </details>
                            <details class="filter-accordion ">
                                <summary class="filter-accordion__title">
                                    Producer
                                    <i class="far fa-chevron-down filter-accordion__title-icon"></i>
                                    <i class="far fa-chevron-up filter-accordion__title-icon"></i>
                                </summary>
                                <div id="filterBrand" class="filter-accordion__list js-filter-accordion__list"
                                    data-filtertype="multiselect" data-filtername="Brand">
                                    <div class="filter-checkbox filter-checkbox--v2">
                                        <input class="filter-checkbox__input js-filter-checkbox__input" type="checkbox"
                                            id="filterBrand_30%2640" data-value="30%2640"
                                            onclick="_gaq.push(['_trackEvent', 'filter-Search+page', 'click', 'Brand-30%2640'])" />
                                        <label class="filter-checkbox__label filter-checkbox__label-checkbox"
                                            for="filterBrand_30%2640">30&amp;40 (1)</label>
                                    </div>
                                    <div class="filter-checkbox filter-checkbox--v2">
                                        <input class="filter-checkbox__input js-filter-checkbox__input" type="checkbox"
                                            id="filterBrand_Avallen" data-value="Avallen"
                                            onclick="_gaq.push(['_trackEvent', 'filter-Search+page', 'click', 'Brand-Avallen'])" />
                                        <label class="filter-checkbox__label filter-checkbox__label-checkbox"
                                            for="filterBrand_Avallen">Avallen (1)</label>
                                    </div>
                                    <div class="filter-checkbox filter-checkbox--v2">
                                        <input class="filter-checkbox__input js-filter-checkbox__input" type="checkbox"
                                            id="filterBrand_Berneroy" data-value="Berneroy"
                                            onclick="_gaq.push(['_trackEvent', 'filter-Search+page', 'click', 'Brand-Berneroy'])" />
                                        <label class="filter-checkbox__label filter-checkbox__label-checkbox"
                                            for="filterBrand_Berneroy">Berneroy (3)</label>
                                    </div>
                                    <div class="filter-checkbox filter-checkbox--v2">
                                        <input class="filter-checkbox__input js-filter-checkbox__input" type="checkbox"
                                            id="filterBrand_Boulard" data-value="Boulard"
                                            onclick="_gaq.push(['_trackEvent', 'filter-Search+page', 'click', 'Brand-Boulard'])" />
                                        <label class="filter-checkbox__label filter-checkbox__label-checkbox"
                                            for="filterBrand_Boulard">Boulard (2)</label>
                                    </div>
                                    <div class="filter-checkbox filter-checkbox--v2">
                                        <input class="filter-checkbox__input js-filter-checkbox__input" type="checkbox"
                                            id="filterBrand_Busnel" data-value="Busnel"
                                            onclick="_gaq.push(['_trackEvent', 'filter-Search+page', 'click', 'Brand-Busnel'])" />
                                        <label class="filter-checkbox__label filter-checkbox__label-checkbox"
                                            for="filterBrand_Busnel">Busnel (5)</label>
                                    </div>
                                    <div class="filter-checkbox filter-checkbox--v2">
                                        <input class="filter-checkbox__input js-filter-checkbox__input" type="checkbox"
                                            id="filterBrand_Camut" data-value="Camut"
                                            onclick="_gaq.push(['_trackEvent', 'filter-Search+page', 'click', 'Brand-Camut'])" />
                                        <label class="filter-checkbox__label filter-checkbox__label-checkbox"
                                            for="filterBrand_Camut">Camut (5)</label>
                                    </div>
                                    <div class="filter-checkbox filter-checkbox--v2">
                                        <input class="filter-checkbox__input js-filter-checkbox__input" type="checkbox"
                                            id="filterBrand_Ceder+Ridge" data-value="Ceder+Ridge"
                                            onclick="_gaq.push(['_trackEvent', 'filter-Search+page', 'click', 'Brand-Ceder+Ridge'])" />
                                        <label class="filter-checkbox__label filter-checkbox__label-checkbox"
                                            for="filterBrand_Ceder+Ridge">Ceder Ridge (1)</label>
                                    </div>
                                    <div class="filter-checkbox filter-checkbox--v2">
                                        <input class="filter-checkbox__input js-filter-checkbox__input" type="checkbox"
                                            id="filterBrand_Ceder%27s" data-value="Ceder%27s"
                                            onclick="_gaq.push(['_trackEvent', 'filter-Search+page', 'click', 'Brand-Ceder%27s'])" />
                                        <label class="filter-checkbox__label filter-checkbox__label-checkbox"
                                            for="filterBrand_Ceder%27s">Ceder&#39;s (4)</label>
                                    </div>
                                    <div class="filter-checkbox filter-checkbox--v2">
                                        <input class="filter-checkbox__input js-filter-checkbox__input" type="checkbox"
                                            id="filterBrand_Chateau+du+Breuil" data-value="Chateau+du+Breuil"
                                            onclick="_gaq.push(['_trackEvent', 'filter-Search+page', 'click', 'Brand-Chateau+du+Breuil'])" />
                                        <label class="filter-checkbox__label filter-checkbox__label-checkbox"
                                            for="filterBrand_Chateau+du+Breuil">Chateau du Breuil (7)</label>
                                    </div>
                                    <div class="filter-checkbox filter-checkbox--v2">
                                        <input class="filter-checkbox__input js-filter-checkbox__input" type="checkbox"
                                            id="filterBrand_Christian+Drouin" data-value="Christian+Drouin"
                                            onclick="_gaq.push(['_trackEvent', 'filter-Search+page', 'click', 'Brand-Christian+Drouin'])" />
                                        <label class="filter-checkbox__label filter-checkbox__label-checkbox"
                                            for="filterBrand_Christian+Drouin">Christian Drouin (16)</label>
                                    </div>
                                    <div class="filter-checkbox filter-checkbox--v2">
                                        <input class="filter-checkbox__input js-filter-checkbox__input" type="checkbox"
                                            id="filterBrand_Coeur+du+Breuil" data-value="Coeur+du+Breuil"
                                            onclick="_gaq.push(['_trackEvent', 'filter-Search+page', 'click', 'Brand-Coeur+du+Breuil'])" />
                                        <label class="filter-checkbox__label filter-checkbox__label-checkbox"
                                            for="filterBrand_Coeur+du+Breuil">Coeur du Breuil (1)</label>
                                    </div>
                                    <div class="filter-checkbox filter-checkbox--v2">
                                        <input class="filter-checkbox__input js-filter-checkbox__input" type="checkbox"
                                            id="filterBrand_Curious+Brewery" data-value="Curious+Brewery"
                                            onclick="_gaq.push(['_trackEvent', 'filter-Search+page', 'click', 'Brand-Curious+Brewery'])" />
                                        <label class="filter-checkbox__label filter-checkbox__label-checkbox"
                                            for="filterBrand_Curious+Brewery">Curious Brewery (1)</label>
                                    </div>
                                    <div class="filter-checkbox filter-checkbox--v2">
                                        <input class="filter-checkbox__input js-filter-checkbox__input" type="checkbox"
                                            id="filterBrand_Didier+Lemorton" data-value="Didier+Lemorton"
                                            onclick="_gaq.push(['_trackEvent', 'filter-Search+page', 'click', 'Brand-Didier+Lemorton'])" />
                                        <label class="filter-checkbox__label filter-checkbox__label-checkbox"
                                            for="filterBrand_Didier+Lemorton">Didier Lemorton (8)</label>
                                    </div>
                                    <div class="filter-checkbox filter-checkbox--v2">
                                        <input class="filter-checkbox__input js-filter-checkbox__input" type="checkbox"
                                            id="filterBrand_Drouin" data-value="Drouin"
                                            onclick="_gaq.push(['_trackEvent', 'filter-Search+page', 'click', 'Brand-Drouin'])" />
                                        <label class="filter-checkbox__label filter-checkbox__label-checkbox"
                                            for="filterBrand_Drouin">Drouin (1)</label>
                                    </div>
                                    <div class="filter-checkbox filter-checkbox--v2">
                                        <input class="filter-checkbox__input js-filter-checkbox__input" type="checkbox"
                                            id="filterBrand_Dupont" data-value="Dupont"
                                            onclick="_gaq.push(['_trackEvent', 'filter-Search+page', 'click', 'Brand-Dupont'])" />
                                        <label class="filter-checkbox__label filter-checkbox__label-checkbox"
                                            for="filterBrand_Dupont">Dupont (5)</label>
                                    </div>
                                    <div class="filter-checkbox filter-checkbox--v2">
                                        <input class="filter-checkbox__input js-filter-checkbox__input" type="checkbox"
                                            id="filterBrand_Fermicalva" data-value="Fermicalva"
                                            onclick="_gaq.push(['_trackEvent', 'filter-Search+page', 'click', 'Brand-Fermicalva'])" />
                                        <label class="filter-checkbox__label filter-checkbox__label-checkbox"
                                            for="filterBrand_Fermicalva">Fermicalva (3)</label>
                                    </div>
                                    <div class="filter-checkbox filter-checkbox--v2">
                                        <input class="filter-checkbox__input js-filter-checkbox__input" type="checkbox"
                                            id="filterBrand_Helsinki" data-value="Helsinki"
                                            onclick="_gaq.push(['_trackEvent', 'filter-Search+page', 'click', 'Brand-Helsinki'])" />
                                        <label class="filter-checkbox__label filter-checkbox__label-checkbox"
                                            for="filterBrand_Helsinki">Helsinki (1)</label>
                                    </div>
                                    <div class="filter-checkbox filter-checkbox--v2">
                                        <input class="filter-checkbox__input js-filter-checkbox__input" type="checkbox"
                                            id="filterBrand_Henry+de+Querville" data-value="Henry+de+Querville"
                                            onclick="_gaq.push(['_trackEvent', 'filter-Search+page', 'click', 'Brand-Henry+de+Querville'])" />
                                        <label class="filter-checkbox__label filter-checkbox__label-checkbox"
                                            for="filterBrand_Henry+de+Querville">Henry de Querville (1)</label>
                                    </div>
                                    <div class="filter-checkbox filter-checkbox--v2">
                                        <input class="filter-checkbox__input js-filter-checkbox__input" type="checkbox"
                                            id="filterBrand_Hogan%27s" data-value="Hogan%27s"
                                            onclick="_gaq.push(['_trackEvent', 'filter-Search+page', 'click', 'Brand-Hogan%27s'])" />
                                        <label class="filter-checkbox__label filter-checkbox__label-checkbox"
                                            for="filterBrand_Hogan%27s">Hogan&#39;s (1)</label>
                                    </div>
                                    <div class="filter-checkbox filter-checkbox--v2">
                                        <input class="filter-checkbox__input js-filter-checkbox__input" type="checkbox"
                                            id="filterBrand_Kentish" data-value="Kentish"
                                            onclick="_gaq.push(['_trackEvent', 'filter-Search+page', 'click', 'Brand-Kentish'])" />
                                        <label class="filter-checkbox__label filter-checkbox__label-checkbox"
                                            for="filterBrand_Kentish">Kentish (1)</label>
                                    </div>
                                    <div class="filter-checkbox filter-checkbox--v2">
                                        <input class="filter-checkbox__input js-filter-checkbox__input" type="checkbox"
                                            id="filterBrand_Kentish+Pip" data-value="Kentish+Pip"
                                            onclick="_gaq.push(['_trackEvent', 'filter-Search+page', 'click', 'Brand-Kentish+Pip'])" />
                                        <label class="filter-checkbox__label filter-checkbox__label-checkbox"
                                            for="filterBrand_Kentish+Pip">Kentish Pip (2)</label>
                                    </div>
                                    <div class="filter-checkbox filter-checkbox--v2">
                                        <input class="filter-checkbox__input js-filter-checkbox__input" type="checkbox"
                                            id="filterBrand_Laird%27s" data-value="Laird%27s"
                                            onclick="_gaq.push(['_trackEvent', 'filter-Search+page', 'click', 'Brand-Laird%27s'])" />
                                        <label class="filter-checkbox__label filter-checkbox__label-checkbox"
                                            for="filterBrand_Laird%27s">Laird&#39;s (3)</label>
                                    </div>
                                    <div class="filter-checkbox filter-checkbox--v2">
                                        <input class="filter-checkbox__input js-filter-checkbox__input" type="checkbox"
                                            id="filterBrand_Lecompte" data-value="Lecompte"
                                            onclick="_gaq.push(['_trackEvent', 'filter-Search+page', 'click', 'Brand-Lecompte'])" />
                                        <label class="filter-checkbox__label filter-checkbox__label-checkbox"
                                            for="filterBrand_Lecompte">Lecompte (1)</label>
                                    </div>
                                    <div class="filter-checkbox filter-checkbox--v2">
                                        <input class="filter-checkbox__input js-filter-checkbox__input" type="checkbox"
                                            id="filterBrand_Lemorton" data-value="Lemorton"
                                            onclick="_gaq.push(['_trackEvent', 'filter-Search+page', 'click', 'Brand-Lemorton'])" />
                                        <label class="filter-checkbox__label filter-checkbox__label-checkbox"
                                            for="filterBrand_Lemorton">Lemorton (1)</label>
                                    </div>
                                    <div class="filter-checkbox filter-checkbox--v2">
                                        <input class="filter-checkbox__input js-filter-checkbox__input" type="checkbox"
                                            id="filterBrand_Louis+Lemorton" data-value="Louis+Lemorton"
                                            onclick="_gaq.push(['_trackEvent', 'filter-Search+page', 'click', 'Brand-Louis+Lemorton'])" />
                                        <label class="filter-checkbox__label filter-checkbox__label-checkbox"
                                            for="filterBrand_Louis+Lemorton">Louis Lemorton (1)</label>
                                    </div>
                                    <div class="filter-checkbox filter-checkbox--v2">
                                        <input class="filter-checkbox__input js-filter-checkbox__input" type="checkbox"
                                            id="filterBrand_Maley" data-value="Maley"
                                            onclick="_gaq.push(['_trackEvent', 'filter-Search+page', 'click', 'Brand-Maley'])" />
                                        <label class="filter-checkbox__label filter-checkbox__label-checkbox"
                                            for="filterBrand_Maley">Maley (1)</label>
                                    </div>
                                    <div class="filter-checkbox filter-checkbox--v2">
                                        <input class="filter-checkbox__input js-filter-checkbox__input" type="checkbox"
                                            id="filterBrand_Menorval" data-value="Menorval"
                                            onclick="_gaq.push(['_trackEvent', 'filter-Search+page', 'click', 'Brand-Menorval'])" />
                                        <label class="filter-checkbox__label filter-checkbox__label-checkbox"
                                            for="filterBrand_Menorval">Menorval (1)</label>
                                    </div>
                                    <div class="filter-checkbox filter-checkbox--v2">
                                        <input class="filter-checkbox__input js-filter-checkbox__input" type="checkbox"
                                            id="filterBrand_Michel+Huard" data-value="Michel+Huard"
                                            onclick="_gaq.push(['_trackEvent', 'filter-Search+page', 'click', 'Brand-Michel+Huard'])" />
                                        <label class="filter-checkbox__label filter-checkbox__label-checkbox"
                                            for="filterBrand_Michel+Huard">Michel Huard (16)</label>
                                    </div>

                                    <div class="filter-checkbox filter-checkbox--v2">
                                        <input class="filter-checkbox__input js-filter-checkbox__input" type="checkbox"
                                            id="filterBrand_Morin" data-value="Morin"
                                            onclick="_gaq.push(['_trackEvent', 'filter-Search+page', 'click', 'Brand-Morin'])" />
                                        <label class="filter-checkbox__label filter-checkbox__label-checkbox"
                                            for="filterBrand_Morin">Morin (4)</label>
                                    </div>
                                    <div class="filter-checkbox filter-checkbox--v2">
                                        <input class="filter-checkbox__input js-filter-checkbox__input" type="checkbox"
                                            id="filterBrand_Nikka" data-value="Nikka"
                                            onclick="_gaq.push(['_trackEvent', 'filter-Search+page', 'click', 'Brand-Nikka'])" />
                                        <label class="filter-checkbox__label filter-checkbox__label-checkbox"
                                            for="filterBrand_Nikka">Nikka (1)</label>
                                    </div>
                                    <div class="filter-checkbox filter-checkbox--v2">
                                        <input class="filter-checkbox__input js-filter-checkbox__input" type="checkbox"
                                            id="filterBrand_Pere+Magloire" data-value="Pere+Magloire"
                                            onclick="_gaq.push(['_trackEvent', 'filter-Search+page', 'click', 'Brand-Pere+Magloire'])" />
                                        <label class="filter-checkbox__label filter-checkbox__label-checkbox"
                                            for="filterBrand_Pere+Magloire">Pere Magloire (11)</label>
                                    </div>
                                    <div class="filter-checkbox filter-checkbox--v2">
                                        <input class="filter-checkbox__input js-filter-checkbox__input" type="checkbox"
                                            id="filterBrand_Pierre+Huet" data-value="Pierre+Huet"
                                            onclick="_gaq.push(['_trackEvent', 'filter-Search+page', 'click', 'Brand-Pierre+Huet'])" />
                                        <label class="filter-checkbox__label filter-checkbox__label-checkbox"
                                            for="filterBrand_Pierre+Huet">Pierre Huet (15)</label>
                                    </div>
                                    <div class="filter-checkbox filter-checkbox--v2">
                                        <input class="filter-checkbox__input js-filter-checkbox__input" type="checkbox"
                                            id="filterBrand_Roger+Groult" data-value="Roger+Groult"
                                            onclick="_gaq.push(['_trackEvent', 'filter-Search+page', 'click', 'Brand-Roger+Groult'])" />
                                        <label class="filter-checkbox__label filter-checkbox__label-checkbox"
                                            for="filterBrand_Roger+Groult">Roger Groult (10)</label>
                                    </div>
                                    <div class="filter-checkbox filter-checkbox--v2">
                                        <input class="filter-checkbox__input js-filter-checkbox__input" type="checkbox"
                                            id="filterBrand_Somerset" data-value="Somerset"
                                            onclick="_gaq.push(['_trackEvent', 'filter-Search+page', 'click', 'Brand-Somerset'])" />
                                        <label class="filter-checkbox__label filter-checkbox__label-checkbox"
                                            for="filterBrand_Somerset">Somerset (8)</label>
                                    </div>
                                    <div class="filter-checkbox filter-checkbox--v2">
                                        <input class="filter-checkbox__input js-filter-checkbox__input" type="checkbox"
                                            id="filterBrand_Somerset+Cider+Brandy+Company"
                                            data-value="Somerset+Cider+Brandy+Company"
                                            onclick="_gaq.push(['_trackEvent', 'filter-Search+page', 'click', 'Brand-Somerset+Cider+Brandy+Company'])" />
                                        <label class="filter-checkbox__label filter-checkbox__label-checkbox"
                                            for="filterBrand_Somerset+Cider+Brandy+Company">Somerset Cider Brandy
                                            Company (1)</label>
                                    </div>
                                    <div class="filter-checkbox filter-checkbox--v2">
                                        <input class="filter-checkbox__input js-filter-checkbox__input" type="checkbox"
                                            id="filterBrand_Umbrella" data-value="Umbrella"
                                            onclick="_gaq.push(['_trackEvent', 'filter-Search+page', 'click', 'Brand-Umbrella'])" />
                                        <label class="filter-checkbox__label filter-checkbox__label-checkbox"
                                            for="filterBrand_Umbrella">Umbrella (2)</label>
                                    </div>
                                    <div class="filter-checkbox filter-checkbox--v2">
                                        <input class="filter-checkbox__input js-filter-checkbox__input" type="checkbox"
                                            id="filterBrand_Various" data-value="Various"
                                            onclick="_gaq.push(['_trackEvent', 'filter-Search+page', 'click', 'Brand-Various'])" />
                                        <label class="filter-checkbox__label filter-checkbox__label-checkbox"
                                            for="filterBrand_Various">Various (1)</label>
                                    </div>
                                </div>
                            </details>
                            <details class="filter-accordion ">
                                <summary class="filter-accordion__title">
                                    Country
                                    <i class="far fa-chevron-down filter-accordion__title-icon"></i>
                                    <i class="far fa-chevron-up filter-accordion__title-icon"></i>
                                </summary>
                                <div id="filterCountry" class="filter-accordion__list js-filter-accordion__list"
                                    data-filtertype="multiselect" data-filtername="Country">
                                    <div class="filter-checkbox filter-checkbox--v2">
                                        <input class="filter-checkbox__input js-filter-checkbox__input" type="checkbox"
                                            id="filterCountry_England" data-value="England"
                                            onclick="_gaq.push(['_trackEvent', 'filter-Search+page', 'click', 'Country-England'])" />
                                        <label class="filter-checkbox__label filter-checkbox__label-checkbox"
                                            for="filterCountry_England">England (18)</label>
                                    </div>
                                    <div class="filter-checkbox filter-checkbox--v2">
                                        <input class="filter-checkbox__input js-filter-checkbox__input" type="checkbox"
                                            id="filterCountry_Finland" data-value="Finland"
                                            onclick="_gaq.push(['_trackEvent', 'filter-Search+page', 'click', 'Country-Finland'])" />
                                        <label class="filter-checkbox__label filter-checkbox__label-checkbox"
                                            for="filterCountry_Finland">Finland (1)</label>
                                    </div>
                                    <div class="filter-checkbox filter-checkbox--v2">
                                        <input class="filter-checkbox__input js-filter-checkbox__input" type="checkbox"
                                            id="filterCountry_France" data-value="France"
                                            onclick="_gaq.push(['_trackEvent', 'filter-Search+page', 'click', 'Country-France'])" />
                                        <label class="filter-checkbox__label filter-checkbox__label-checkbox"
                                            for="filterCountry_France">France (115)</label>
                                    </div>
                                    <div class="filter-checkbox filter-checkbox--v2">
                                        <input class="filter-checkbox__input js-filter-checkbox__input" type="checkbox"
                                            id="filterCountry_Italy" data-value="Italy"
                                            onclick="_gaq.push(['_trackEvent', 'filter-Search+page', 'click', 'Country-Italy'])" />
                                        <label class="filter-checkbox__label filter-checkbox__label-checkbox"
                                            for="filterCountry_Italy">Italy (1)</label>
                                    </div>
                                    <div class="filter-checkbox filter-checkbox--v2">
                                        <input class="filter-checkbox__input js-filter-checkbox__input" type="checkbox"
                                            id="filterCountry_Japan" data-value="Japan"
                                            onclick="_gaq.push(['_trackEvent', 'filter-Search+page', 'click', 'Country-Japan'])" />
                                        <label class="filter-checkbox__label filter-checkbox__label-checkbox"
                                            for="filterCountry_Japan">Japan (1)</label>
                                    </div>
                                    <div class="filter-checkbox filter-checkbox--v2">
                                        <input class="filter-checkbox__input js-filter-checkbox__input" type="checkbox"
                                            id="filterCountry_Sweden" data-value="Sweden"
                                            onclick="_gaq.push(['_trackEvent', 'filter-Search+page', 'click', 'Country-Sweden'])" />
                                        <label class="filter-checkbox__label filter-checkbox__label-checkbox"
                                            for="filterCountry_Sweden">Sweden (3)</label>
                                    </div>
                                    <div class="filter-checkbox filter-checkbox--v2">
                                        <input class="filter-checkbox__input js-filter-checkbox__input" type="checkbox"
                                            id="filterCountry_USA" data-value="USA"
                                            onclick="_gaq.push(['_trackEvent', 'filter-Search+page', 'click', 'Country-USA'])" />
                                        <label class="filter-checkbox__label filter-checkbox__label-checkbox"
                                            for="filterCountry_USA">USA (3)</label>
                                    </div>
                                </div>
                            </details>
                            <details class="filter-accordion ">
                                <summary class="filter-accordion__title">
                                    Type
                                    <i class="far fa-chevron-down filter-accordion__title-icon"></i>
                                    <i class="far fa-chevron-up filter-accordion__title-icon"></i>
                                </summary>
                                <div id="filterType" class="filter-accordion__list js-filter-accordion__list"
                                    data-filtertype="multiselect" data-filtername="Type">
                                    <div class="filter-checkbox filter-checkbox--v2">
                                        <input class="filter-checkbox__input js-filter-checkbox__input" type="checkbox"
                                            id="filterType_Aperitif" data-value="Aperitif"
                                            onclick="_gaq.push(['_trackEvent', 'filter-Search+page', 'click', 'Type-Aperitif'])" />
                                        <label class="filter-checkbox__label filter-checkbox__label-checkbox"
                                            for="filterType_Aperitif">Aperitif (1)</label>
                                    </div>
                                </div>
                            </details>
                            <details class="filter-accordion ">
                                <summary class="filter-accordion__title">
                                    Flavour
                                    <i class="far fa-chevron-down filter-accordion__title-icon"></i>
                                    <i class="far fa-chevron-up filter-accordion__title-icon"></i>
                                </summary>
                                <div id="filterFlavour" class="filter-accordion__list js-filter-accordion__list"
                                    data-filtertype="multiselect" data-filtername="Flavour">
                                    <div class="filter-checkbox filter-checkbox--v2">
                                        <input class="filter-checkbox__input js-filter-checkbox__input" type="checkbox"
                                            id="filterFlavour_Apple" data-value="Apple"
                                            onclick="_gaq.push(['_trackEvent', 'filter-Search+page', 'click', 'Flavour-Apple'])" />
                                        <label class="filter-checkbox__label filter-checkbox__label-checkbox"
                                            for="filterFlavour_Apple">Apple (2)</label>
                                    </div>
                                    <div class="filter-checkbox filter-checkbox--v2">
                                        <input class="filter-checkbox__input js-filter-checkbox__input" type="checkbox"
                                            id="filterFlavour_Cherry" data-value="Cherry"
                                            onclick="_gaq.push(['_trackEvent', 'filter-Search+page', 'click', 'Flavour-Cherry'])" />
                                        <label class="filter-checkbox__label filter-checkbox__label-checkbox"
                                            for="filterFlavour_Cherry">Cherry (1)</label>
                                    </div>
                                    <div class="filter-checkbox filter-checkbox--v2">
                                        <input class="filter-checkbox__input js-filter-checkbox__input" type="checkbox"
                                            id="filterFlavour_Pink+Rose" data-value="Pink+Rose"
                                            onclick="_gaq.push(['_trackEvent', 'filter-Search+page', 'click', 'Flavour-Pink+Rose'])" />
                                        <label class="filter-checkbox__label filter-checkbox__label-checkbox"
                                            for="filterFlavour_Pink+Rose">Pink Rose (1)</label>
                                    </div>
                                    <div class="filter-checkbox filter-checkbox--v2">
                                        <input class="filter-checkbox__input js-filter-checkbox__input" type="checkbox"
                                            id="filterFlavour_Rhubarb" data-value="Rhubarb"
                                            onclick="_gaq.push(['_trackEvent', 'filter-Search+page', 'click', 'Flavour-Rhubarb'])" />
                                        <label class="filter-checkbox__label filter-checkbox__label-checkbox"
                                            for="filterFlavour_Rhubarb">Rhubarb (1)</label>
                                    </div>
                                </div>
                            </details>
                            <details class="filter-accordion ">
                                <summary class="filter-accordion__title">
                                    Age
                                    <i class="far fa-chevron-down filter-accordion__title-icon"></i>
                                    <i class="far fa-chevron-up filter-accordion__title-icon"></i>
                                </summary>
                                <div id="filterAge" class="filter-accordion__list js-filter-accordion__list"
                                    data-filtertype="multiselect" data-filtername="Age">
                                    <div class="filter-checkbox filter-checkbox--v2">
                                        <input class="filter-checkbox__input js-filter-checkbox__input" type="checkbox"
                                            id="filterAge_No+Age+Statement" data-value="No+Age+Statement"
                                            onclick="_gaq.push(['_trackEvent', 'filter-Search+page', 'click', 'Age-No+Age+Statement'])" />
                                        <label class="filter-checkbox__label filter-checkbox__label-checkbox"
                                            for="filterAge_No+Age+Statement">No Age Statement (102)</label>
                                    </div>
                                    <div class="filter-checkbox filter-checkbox--v2">
                                        <input class="filter-checkbox__input js-filter-checkbox__input" type="checkbox"
                                            id="filterAge_3+years+old" data-value="3+years+old"
                                            onclick="_gaq.push(['_trackEvent', 'filter-Search+page', 'click', 'Age-3+years+old'])" />
                                        <label class="filter-checkbox__label filter-checkbox__label-checkbox"
                                            for="filterAge_3+years+old">3 years old (4)</label>
                                    </div>
                                    <div class="filter-checkbox filter-checkbox--v2">
                                        <input class="filter-checkbox__input js-filter-checkbox__input" type="checkbox"
                                            id="filterAge_5+years+old" data-value="5+years+old"
                                            onclick="_gaq.push(['_trackEvent', 'filter-Search+page', 'click', 'Age-5+years+old'])" />
                                        <label class="filter-checkbox__label filter-checkbox__label-checkbox"
                                            for="filterAge_5+years+old">5 years old (2)</label>
                                    </div>
                                    <div class="filter-checkbox filter-checkbox--v2">
                                        <input class="filter-checkbox__input js-filter-checkbox__input" type="checkbox"
                                            id="filterAge_6+years+old" data-value="6+years+old"
                                            onclick="_gaq.push(['_trackEvent', 'filter-Search+page', 'click', 'Age-6+years+old'])" />
                                        <label class="filter-checkbox__label filter-checkbox__label-checkbox"
                                            for="filterAge_6+years+old">6 years old (2)</label>
                                    </div>
                                    <div class="filter-checkbox filter-checkbox--v2">
                                        <input class="filter-checkbox__input js-filter-checkbox__input" type="checkbox"
                                            id="filterAge_7+years+old" data-value="7+years+old"
                                            onclick="_gaq.push(['_trackEvent', 'filter-Search+page', 'click', 'Age-7+years+old'])" />
                                        <label class="filter-checkbox__label filter-checkbox__label-checkbox"
                                            for="filterAge_7+years+old">7 years old (1)</label>
                                    </div>
                                    <div class="filter-checkbox filter-checkbox--v2">
                                        <input class="filter-checkbox__input js-filter-checkbox__input" type="checkbox"
                                            id="filterAge_8+years+old" data-value="8+years+old"
                                            onclick="_gaq.push(['_trackEvent', 'filter-Search+page', 'click', 'Age-8+years+old'])" />
                                        <label class="filter-checkbox__label filter-checkbox__label-checkbox"
                                            for="filterAge_8+years+old">8 years old (2)</label>
                                    </div>
                                    <div class="filter-checkbox filter-checkbox--v2">
                                        <input class="filter-checkbox__input js-filter-checkbox__input" type="checkbox"
                                            id="filterAge_10+years+old" data-value="10+years+old"
                                            onclick="_gaq.push(['_trackEvent', 'filter-Search+page', 'click', 'Age-10+years+old'])" />
                                        <label class="filter-checkbox__label filter-checkbox__label-checkbox"
                                            for="filterAge_10+years+old">10 years old (5)</label>
                                    </div>
                                    <div class="filter-checkbox filter-checkbox--v2">
                                        <input class="filter-checkbox__input js-filter-checkbox__input" type="checkbox"
                                            id="filterAge_12+years+old" data-value="12+years+old"
                                            onclick="_gaq.push(['_trackEvent', 'filter-Search+page', 'click', 'Age-12+years+old'])" />
                                        <label class="filter-checkbox__label filter-checkbox__label-checkbox"
                                            for="filterAge_12+years+old">12 years old (7)</label>
                                    </div>
                                    <div class="filter-checkbox filter-checkbox--v2">
                                        <input class="filter-checkbox__input js-filter-checkbox__input" type="checkbox"
                                            id="filterAge_14+years+old" data-value="14+years+old"
                                            onclick="_gaq.push(['_trackEvent', 'filter-Search+page', 'click', 'Age-14+years+old'])" />
                                        <label class="filter-checkbox__label filter-checkbox__label-checkbox"
                                            for="filterAge_14+years+old">14 years old (1)</label>
                                    </div>
                                    <div class="filter-checkbox filter-checkbox--v2">
                                        <input class="filter-checkbox__input js-filter-checkbox__input" type="checkbox"
                                            id="filterAge_15+years+old" data-value="15+years+old"
                                            onclick="_gaq.push(['_trackEvent', 'filter-Search+page', 'click', 'Age-15+years+old'])" />
                                        <label class="filter-checkbox__label filter-checkbox__label-checkbox"
                                            for="filterAge_15+years+old">15 years old (3)</label>
                                    </div>
                                    <div class="filter-checkbox filter-checkbox--v2">
                                        <input class="filter-checkbox__input js-filter-checkbox__input" type="checkbox"
                                            id="filterAge_17+years+old" data-value="17+years+old"
                                            onclick="_gaq.push(['_trackEvent', 'filter-Search+page', 'click', 'Age-17+years+old'])" />
                                        <label class="filter-checkbox__label filter-checkbox__label-checkbox"
                                            for="filterAge_17+years+old">17 years old (2)</label>
                                    </div>
                                    <div class="filter-checkbox filter-checkbox--v2">
                                        <input class="filter-checkbox__input js-filter-checkbox__input" type="checkbox"
                                            id="filterAge_18+years+old" data-value="18+years+old"
                                            onclick="_gaq.push(['_trackEvent', 'filter-Search+page', 'click', 'Age-18+years+old'])" />
                                        <label class="filter-checkbox__label filter-checkbox__label-checkbox"
                                            for="filterAge_18+years+old">18 years old (1)</label>
                                    </div>
                                    <div class="filter-checkbox filter-checkbox--v2">
                                        <input class="filter-checkbox__input js-filter-checkbox__input" type="checkbox"
                                            id="filterAge_20+years+old" data-value="20+years+old"
                                            onclick="_gaq.push(['_trackEvent', 'filter-Search+page', 'click', 'Age-20+years+old'])" />
                                        <label class="filter-checkbox__label filter-checkbox__label-checkbox"
                                            for="filterAge_20+years+old">20 years old (5)</label>
                                    </div>
                                    <div class="filter-checkbox filter-checkbox--v2">
                                        <input class="filter-checkbox__input js-filter-checkbox__input" type="checkbox"
                                            id="filterAge_21+years+old" data-value="21+years+old"
                                            onclick="_gaq.push(['_trackEvent', 'filter-Search+page', 'click', 'Age-21+years+old'])" />
                                        <label class="filter-checkbox__label filter-checkbox__label-checkbox"
                                            for="filterAge_21+years+old">21 years old (1)</label>
                                    </div>
                                    <div class="filter-checkbox filter-checkbox--v2">
                                        <input class="filter-checkbox__input js-filter-checkbox__input" type="checkbox"
                                            id="filterAge_25+years+old" data-value="25+years+old"
                                            onclick="_gaq.push(['_trackEvent', 'filter-Search+page', 'click', 'Age-25+years+old'])" />
                                        <label class="filter-checkbox__label filter-checkbox__label-checkbox"
                                            for="filterAge_25+years+old">25 years old (2)</label>
                                    </div>
                                    <div class="filter-checkbox filter-checkbox--v2">
                                        <input class="filter-checkbox__input js-filter-checkbox__input" type="checkbox"
                                            id="filterAge_30+years+old" data-value="30+years+old"
                                            onclick="_gaq.push(['_trackEvent', 'filter-Search+page', 'click', 'Age-30+years+old'])" />
                                        <label class="filter-checkbox__label filter-checkbox__label-checkbox"
                                            for="filterAge_30+years+old">30 years old (3)</label>
                                    </div>
                                    <div class="filter-checkbox filter-checkbox--v2">
                                        <input class="filter-checkbox__input js-filter-checkbox__input" type="checkbox"
                                            id="filterAge_38+years+old" data-value="38+years+old"
                                            onclick="_gaq.push(['_trackEvent', 'filter-Search+page', 'click', 'Age-38+years+old'])" />
                                        <label class="filter-checkbox__label filter-checkbox__label-checkbox"
                                            for="filterAge_38+years+old">38 years old (1)</label>
                                    </div>
                                    <div class="filter-checkbox filter-checkbox--v2">
                                        <input class="filter-checkbox__input js-filter-checkbox__input" type="checkbox"
                                            id="filterAge_40+years+old" data-value="40+years+old"
                                            onclick="_gaq.push(['_trackEvent', 'filter-Search+page', 'click', 'Age-40+years+old'])" />
                                        <label class="filter-checkbox__label filter-checkbox__label-checkbox"
                                            for="filterAge_40+years+old">40 years old (1)</label>
                                    </div>
                                    <div class="filter-checkbox filter-checkbox--v2">
                                        <input class="filter-checkbox__input js-filter-checkbox__input" type="checkbox"
                                            id="filterAge_47+years+old" data-value="47+years+old"
                                            onclick="_gaq.push(['_trackEvent', 'filter-Search+page', 'click', 'Age-47+years+old'])" />
                                        <label class="filter-checkbox__label filter-checkbox__label-checkbox"
                                            for="filterAge_47+years+old">47 years old (1)</label>
                                    </div>
                                    <div class="filter-checkbox filter-checkbox--v2">
                                        <input class="filter-checkbox__input js-filter-checkbox__input" type="checkbox"
                                            id="filterAge_49+years+old" data-value="49+years+old"
                                            onclick="_gaq.push(['_trackEvent', 'filter-Search+page', 'click', 'Age-49+years+old'])" />
                                        <label class="filter-checkbox__label filter-checkbox__label-checkbox"
                                            for="filterAge_49+years+old">49 years old (1)</label>
                                    </div>
                                </div>
                            </details>
                            <details class="filter-accordion ">
                                <summary class="filter-accordion__title">
                                    Vintage
                                    <i class="far fa-chevron-down filter-accordion__title-icon"></i>
                                    <i class="far fa-chevron-up filter-accordion__title-icon"></i>
                                </summary>
                                <div id="filterVintage" class="filter-accordion__list js-filter-accordion__list"
                                    data-filtertype="multiselect" data-filtername="Vintage">
                                    <div class="filter-checkbox filter-checkbox--v2">
                                        <input class="filter-checkbox__input js-filter-checkbox__input" type="checkbox"
                                            id="filterVintage_1917" data-value="1917"
                                            onclick="_gaq.push(['_trackEvent', 'filter-Search+page', 'click', 'Vintage-1917'])" />
                                        <label class="filter-checkbox__label filter-checkbox__label-checkbox"
                                            for="filterVintage_1917">1917 (1)</label>
                                    </div>
                                    <div class="filter-checkbox filter-checkbox--v2">
                                        <input class="filter-checkbox__input js-filter-checkbox__input" type="checkbox"
                                            id="filterVintage_1935" data-value="1935"
                                            onclick="_gaq.push(['_trackEvent', 'filter-Search+page', 'click', 'Vintage-1935'])" />
                                        <label class="filter-checkbox__label filter-checkbox__label-checkbox"
                                            for="filterVintage_1935">1935 (1)</label>
                                    </div>
                                    <div class="filter-checkbox filter-checkbox--v2">
                                        <input class="filter-checkbox__input js-filter-checkbox__input" type="checkbox"
                                            id="filterVintage_1936" data-value="1936"
                                            onclick="_gaq.push(['_trackEvent', 'filter-Search+page', 'click', 'Vintage-1936'])" />
                                        <label class="filter-checkbox__label filter-checkbox__label-checkbox"
                                            for="filterVintage_1936">1936 (1)</label>
                                    </div>
                                    <div class="filter-checkbox filter-checkbox--v2">
                                        <input class="filter-checkbox__input js-filter-checkbox__input" type="checkbox"
                                            id="filterVintage_1939" data-value="1939"
                                            onclick="_gaq.push(['_trackEvent', 'filter-Search+page', 'click', 'Vintage-1939'])" />
                                        <label class="filter-checkbox__label filter-checkbox__label-checkbox"
                                            for="filterVintage_1939">1939 (1)</label>
                                    </div>
                                    <div class="filter-checkbox filter-checkbox--v2">
                                        <input class="filter-checkbox__input js-filter-checkbox__input" type="checkbox"
                                            id="filterVintage_1941" data-value="1941"
                                            onclick="_gaq.push(['_trackEvent', 'filter-Search+page', 'click', 'Vintage-1941'])" />
                                        <label class="filter-checkbox__label filter-checkbox__label-checkbox"
                                            for="filterVintage_1941">1941 (1)</label>
                                    </div>
                                    <div class="filter-checkbox filter-checkbox--v2">
                                        <input class="filter-checkbox__input js-filter-checkbox__input" type="checkbox"
                                            id="filterVintage_1945" data-value="1945"
                                            onclick="_gaq.push(['_trackEvent', 'filter-Search+page', 'click', 'Vintage-1945'])" />
                                        <label class="filter-checkbox__label filter-checkbox__label-checkbox"
                                            for="filterVintage_1945">1945 (1)</label>
                                    </div>
                                    <div class="filter-checkbox filter-checkbox--v2">
                                        <input class="filter-checkbox__input js-filter-checkbox__input" type="checkbox"
                                            id="filterVintage_1955" data-value="1955"
                                            onclick="_gaq.push(['_trackEvent', 'filter-Search+page', 'click', 'Vintage-1955'])" />
                                        <label class="filter-checkbox__label filter-checkbox__label-checkbox"
                                            for="filterVintage_1955">1955 (1)</label>
                                    </div>
                                    <div class="filter-checkbox filter-checkbox--v2">
                                        <input class="filter-checkbox__input js-filter-checkbox__input" type="checkbox"
                                            id="filterVintage_1962" data-value="1962"
                                            onclick="_gaq.push(['_trackEvent', 'filter-Search+page', 'click', 'Vintage-1962'])" />
                                        <label class="filter-checkbox__label filter-checkbox__label-checkbox"
                                            for="filterVintage_1962">1962 (1)</label>
                                    </div>
                                    <div class="filter-checkbox filter-checkbox--v2">
                                        <input class="filter-checkbox__input js-filter-checkbox__input" type="checkbox"
                                            id="filterVintage_1970" data-value="1970"
                                            onclick="_gaq.push(['_trackEvent', 'filter-Search+page', 'click', 'Vintage-1970'])" />
                                        <label class="filter-checkbox__label filter-checkbox__label-checkbox"
                                            for="filterVintage_1970">1970 (1)</label>
                                    </div>
                                    <div class="filter-checkbox filter-checkbox--v2">
                                        <input class="filter-checkbox__input js-filter-checkbox__input" type="checkbox"
                                            id="filterVintage_1971" data-value="1971"
                                            onclick="_gaq.push(['_trackEvent', 'filter-Search+page', 'click', 'Vintage-1971'])" />
                                        <label class="filter-checkbox__label filter-checkbox__label-checkbox"
                                            for="filterVintage_1971">1971 (1)</label>
                                    </div>
                                    <div class="filter-checkbox filter-checkbox--v2">
                                        <input class="filter-checkbox__input js-filter-checkbox__input" type="checkbox"
                                            id="filterVintage_1972" data-value="1972"
                                            onclick="_gaq.push(['_trackEvent', 'filter-Search+page', 'click', 'Vintage-1972'])" />
                                        <label class="filter-checkbox__label filter-checkbox__label-checkbox"
                                            for="filterVintage_1972">1972 (2)</label>
                                    </div>
                                    <div class="filter-checkbox filter-checkbox--v2">
                                        <input class="filter-checkbox__input js-filter-checkbox__input" type="checkbox"
                                            id="filterVintage_1980" data-value="1980"
                                            onclick="_gaq.push(['_trackEvent', 'filter-Search+page', 'click', 'Vintage-1980'])" />
                                        <label class="filter-checkbox__label filter-checkbox__label-checkbox"
                                            for="filterVintage_1980">1980 (3)</label>
                                    </div>
                                    <div class="filter-checkbox filter-checkbox--v2">
                                        <input class="filter-checkbox__input js-filter-checkbox__input" type="checkbox"
                                            id="filterVintage_1982" data-value="1982"
                                            onclick="_gaq.push(['_trackEvent', 'filter-Search+page', 'click', 'Vintage-1982'])" />
                                        <label class="filter-checkbox__label filter-checkbox__label-checkbox"
                                            for="filterVintage_1982">1982 (1)</label>
                                    </div>
                                    <div class="filter-checkbox filter-checkbox--v2">
                                        <input class="filter-checkbox__input js-filter-checkbox__input" type="checkbox"
                                            id="filterVintage_1985" data-value="1985"
                                            onclick="_gaq.push(['_trackEvent', 'filter-Search+page', 'click', 'Vintage-1985'])" />
                                        <label class="filter-checkbox__label filter-checkbox__label-checkbox"
                                            for="filterVintage_1985">1985 (1)</label>
                                    </div>
                                    <div class="filter-checkbox filter-checkbox--v2">
                                        <input class="filter-checkbox__input js-filter-checkbox__input" type="checkbox"
                                            id="filterVintage_1988" data-value="1988"
                                            onclick="_gaq.push(['_trackEvent', 'filter-Search+page', 'click', 'Vintage-1988'])" />
                                        <label class="filter-checkbox__label filter-checkbox__label-checkbox"
                                            for="filterVintage_1988">1988 (1)</label>
                                    </div>
                                    <div class="filter-checkbox filter-checkbox--v2">
                                        <input class="filter-checkbox__input js-filter-checkbox__input" type="checkbox"
                                            id="filterVintage_1990" data-value="1990"
                                            onclick="_gaq.push(['_trackEvent', 'filter-Search+page', 'click', 'Vintage-1990'])" />
                                        <label class="filter-checkbox__label filter-checkbox__label-checkbox"
                                            for="filterVintage_1990">1990 (1)</label>
                                    </div>
                                    <div class="filter-checkbox filter-checkbox--v2">
                                        <input class="filter-checkbox__input js-filter-checkbox__input" type="checkbox"
                                            id="filterVintage_1992" data-value="1992"
                                            onclick="_gaq.push(['_trackEvent', 'filter-Search+page', 'click', 'Vintage-1992'])" />
                                        <label class="filter-checkbox__label filter-checkbox__label-checkbox"
                                            for="filterVintage_1992">1992 (1)</label>
                                    </div>
                                    <div class="filter-checkbox filter-checkbox--v2">
                                        <input class="filter-checkbox__input js-filter-checkbox__input" type="checkbox"
                                            id="filterVintage_1993" data-value="1993"
                                            onclick="_gaq.push(['_trackEvent', 'filter-Search+page', 'click', 'Vintage-1993'])" />
                                        <label class="filter-checkbox__label filter-checkbox__label-checkbox"
                                            for="filterVintage_1993">1993 (1)</label>
                                    </div>
                                    <div class="filter-checkbox filter-checkbox--v2">
                                        <input class="filter-checkbox__input js-filter-checkbox__input" type="checkbox"
                                            id="filterVintage_1994" data-value="1994"
                                            onclick="_gaq.push(['_trackEvent', 'filter-Search+page', 'click', 'Vintage-1994'])" />
                                        <label class="filter-checkbox__label filter-checkbox__label-checkbox"
                                            for="filterVintage_1994">1994 (1)</label>
                                    </div>
                                    <div class="filter-checkbox filter-checkbox--v2">
                                        <input class="filter-checkbox__input js-filter-checkbox__input" type="checkbox"
                                            id="filterVintage_1996" data-value="1996"
                                            onclick="_gaq.push(['_trackEvent', 'filter-Search+page', 'click', 'Vintage-1996'])" />
                                        <label class="filter-checkbox__label filter-checkbox__label-checkbox"
                                            for="filterVintage_1996">1996 (1)</label>
                                    </div>
                                    <div class="filter-checkbox filter-checkbox--v2">
                                        <input class="filter-checkbox__input js-filter-checkbox__input" type="checkbox"
                                            id="filterVintage_1997" data-value="1997"
                                            onclick="_gaq.push(['_trackEvent', 'filter-Search+page', 'click', 'Vintage-1997'])" />
                                        <label class="filter-checkbox__label filter-checkbox__label-checkbox"
                                            for="filterVintage_1997">1997 (1)</label>
                                    </div>

                                    <div class="filter-checkbox filter-checkbox--v2">
                                        <input class="filter-checkbox__input js-filter-checkbox__input" type="checkbox"
                                            id="filterVintage_1999" data-value="1999"
                                            onclick="_gaq.push(['_trackEvent', 'filter-Search+page', 'click', 'Vintage-1999'])" />
                                        <label class="filter-checkbox__label filter-checkbox__label-checkbox"
                                            for="filterVintage_1999">1999 (1)</label>
                                    </div>
                                    <div class="filter-checkbox filter-checkbox--v2">
                                        <input class="filter-checkbox__input js-filter-checkbox__input" type="checkbox"
                                            id="filterVintage_2001" data-value="2001"
                                            onclick="_gaq.push(['_trackEvent', 'filter-Search+page', 'click', 'Vintage-2001'])" />
                                        <label class="filter-checkbox__label filter-checkbox__label-checkbox"
                                            for="filterVintage_2001">2001 (1)</label>
                                    </div>
                                    <div class="filter-checkbox filter-checkbox--v2">
                                        <input class="filter-checkbox__input js-filter-checkbox__input" type="checkbox"
                                            id="filterVintage_2003" data-value="2003"
                                            onclick="_gaq.push(['_trackEvent', 'filter-Search+page', 'click', 'Vintage-2003'])" />
                                        <label class="filter-checkbox__label filter-checkbox__label-checkbox"
                                            for="filterVintage_2003">2003 (1)</label>
                                    </div>
                                    <div class="filter-checkbox filter-checkbox--v2">
                                        <input class="filter-checkbox__input js-filter-checkbox__input" type="checkbox"
                                            id="filterVintage_2005" data-value="2005"
                                            onclick="_gaq.push(['_trackEvent', 'filter-Search+page', 'click', 'Vintage-2005'])" />
                                        <label class="filter-checkbox__label filter-checkbox__label-checkbox"
                                            for="filterVintage_2005">2005 (1)</label>
                                    </div>
                                    <div class="filter-checkbox filter-checkbox--v2">
                                        <input class="filter-checkbox__input js-filter-checkbox__input" type="checkbox"
                                            id="filterVintage_2008" data-value="2008"
                                            onclick="_gaq.push(['_trackEvent', 'filter-Search+page', 'click', 'Vintage-2008'])" />
                                        <label class="filter-checkbox__label filter-checkbox__label-checkbox"
                                            for="filterVintage_2008">2008 (1)</label>
                                    </div>
                                    <div class="filter-checkbox filter-checkbox--v2">
                                        <input class="filter-checkbox__input js-filter-checkbox__input" type="checkbox"
                                            id="filterVintage_2009" data-value="2009"
                                            onclick="_gaq.push(['_trackEvent', 'filter-Search+page', 'click', 'Vintage-2009'])" />
                                        <label class="filter-checkbox__label filter-checkbox__label-checkbox"
                                            for="filterVintage_2009">2009 (1)</label>
                                    </div>
                                    <div class="filter-checkbox filter-checkbox--v2">
                                        <input class="filter-checkbox__input js-filter-checkbox__input" type="checkbox"
                                            id="filterVintage_2012" data-value="2012"
                                            onclick="_gaq.push(['_trackEvent', 'filter-Search+page', 'click', 'Vintage-2012'])" />
                                        <label class="filter-checkbox__label filter-checkbox__label-checkbox"
                                            for="filterVintage_2012">2012 (1)</label>
                                    </div>
                                    <div class="filter-checkbox filter-checkbox--v2">
                                        <input class="filter-checkbox__input js-filter-checkbox__input" type="checkbox"
                                            id="filterVintage_2014" data-value="2014"
                                            onclick="_gaq.push(['_trackEvent', 'filter-Search+page', 'click', 'Vintage-2014'])" />
                                        <label class="filter-checkbox__label filter-checkbox__label-checkbox"
                                            for="filterVintage_2014">2014 (1)</label>
                                    </div>
                                    <div class="filter-checkbox filter-checkbox--v2">
                                        <input class="filter-checkbox__input js-filter-checkbox__input" type="checkbox"
                                            id="filterVintage_2016" data-value="2016"
                                            onclick="_gaq.push(['_trackEvent', 'filter-Search+page', 'click', 'Vintage-2016'])" />
                                        <label class="filter-checkbox__label filter-checkbox__label-checkbox"
                                            for="filterVintage_2016">2016 (1)</label>
                                    </div>
                                    <div class="filter-checkbox filter-checkbox--v2">
                                        <input class="filter-checkbox__input js-filter-checkbox__input" type="checkbox"
                                            id="filterVintage_2017" data-value="2017"
                                            onclick="_gaq.push(['_trackEvent', 'filter-Search+page', 'click', 'Vintage-2017'])" />
                                        <label class="filter-checkbox__label filter-checkbox__label-checkbox"
                                            for="filterVintage_2017">2017 (1)</label>
                                    </div>
                                </div>
                            </details>
                            <details class="filter-accordion ">
                                <summary class="filter-accordion__title">
                                    Cask Type
                                    <i class="far fa-chevron-down filter-accordion__title-icon"></i>
                                    <i class="far fa-chevron-up filter-accordion__title-icon"></i>
                                </summary>
                                <div id="filterCaskType" class="filter-accordion__list js-filter-accordion__list"
                                    data-filtertype="multiselect" data-filtername="CaskType">
                                    <div class="filter-checkbox filter-checkbox--v2">
                                        <input class="filter-checkbox__input js-filter-checkbox__input" type="checkbox"
                                            id="filterCaskType_Beer" data-value="Beer"
                                            onclick="_gaq.push(['_trackEvent', 'filter-Search+page', 'click', 'CaskType-Beer'])" />
                                        <label class="filter-checkbox__label filter-checkbox__label-checkbox"
                                            for="filterCaskType_Beer">Beer (1)</label>
                                    </div>
                                    <div class="filter-checkbox filter-checkbox--v2">
                                        <input class="filter-checkbox__input js-filter-checkbox__input" type="checkbox"
                                            id="filterCaskType_Cognac" data-value="Cognac"
                                            onclick="_gaq.push(['_trackEvent', 'filter-Search+page', 'click', 'CaskType-Cognac'])" />
                                        <label class="filter-checkbox__label filter-checkbox__label-checkbox"
                                            for="filterCaskType_Cognac">Cognac (1)</label>
                                    </div>
                                    <div class="filter-checkbox filter-checkbox--v2">
                                        <input class="filter-checkbox__input js-filter-checkbox__input" type="checkbox"
                                            id="filterCaskType_Port" data-value="Port"
                                            onclick="_gaq.push(['_trackEvent', 'filter-Search+page', 'click', 'CaskType-Port'])" />
                                        <label class="filter-checkbox__label filter-checkbox__label-checkbox"
                                            for="filterCaskType_Port">Port (1)</label>
                                    </div>
                                    <div class="filter-checkbox filter-checkbox--v2">
                                        <input class="filter-checkbox__input js-filter-checkbox__input" type="checkbox"
                                            id="filterCaskType_Rum" data-value="Rum"
                                            onclick="_gaq.push(['_trackEvent', 'filter-Search+page', 'click', 'CaskType-Rum'])" />
                                        <label class="filter-checkbox__label filter-checkbox__label-checkbox"
                                            for="filterCaskType_Rum">Rum (1)</label>
                                    </div>
                                    <div class="filter-checkbox filter-checkbox--v2">
                                        <input class="filter-checkbox__input js-filter-checkbox__input" type="checkbox"
                                            id="filterCaskType_Sherry" data-value="Sherry"
                                            onclick="_gaq.push(['_trackEvent', 'filter-Search+page', 'click', 'CaskType-Sherry'])" />
                                        <label class="filter-checkbox__label filter-checkbox__label-checkbox"
                                            for="filterCaskType_Sherry">Sherry (1)</label>
                                    </div>
                                    <div class="filter-checkbox filter-checkbox--v2">
                                        <input class="filter-checkbox__input js-filter-checkbox__input" type="checkbox"
                                            id="filterCaskType_Tequila" data-value="Tequila"
                                            onclick="_gaq.push(['_trackEvent', 'filter-Search+page', 'click', 'CaskType-Tequila'])" />
                                        <label class="filter-checkbox__label filter-checkbox__label-checkbox"
                                            for="filterCaskType_Tequila">Tequila (1)</label>
                                    </div>
                                    <div class="filter-checkbox filter-checkbox--v2">
                                        <input class="filter-checkbox__input js-filter-checkbox__input" type="checkbox"
                                            id="filterCaskType_Whisky" data-value="Whisky"
                                            onclick="_gaq.push(['_trackEvent', 'filter-Search+page', 'click', 'CaskType-Whisky'])" />
                                        <label class="filter-checkbox__label filter-checkbox__label-checkbox"
                                            for="filterCaskType_Whisky">Whisky (1)</label>
                                    </div>
                                    <div class="filter-checkbox filter-checkbox--v2">
                                        <input class="filter-checkbox__input js-filter-checkbox__input" type="checkbox"
                                            id="filterCaskType_Wine" data-value="Wine"
                                            onclick="_gaq.push(['_trackEvent', 'filter-Search+page', 'click', 'CaskType-Wine'])" />
                                        <label class="filter-checkbox__label filter-checkbox__label-checkbox"
                                            for="filterCaskType_Wine">Wine (3)</label>
                                    </div>
                                </div>
                            </details>
                            <details class="filter-accordion ">
                                <summary class="filter-accordion__title">
                                    Bottler
                                    <i class="far fa-chevron-down filter-accordion__title-icon"></i>
                                    <i class="far fa-chevron-up filter-accordion__title-icon"></i>
                                </summary>
                                <div id="filterBottler" class="filter-accordion__list js-filter-accordion__list"
                                    data-filtertype="multiselect" data-filtername="Bottler">
                                    <div class="filter-checkbox filter-checkbox--v2">
                                        <input class="filter-checkbox__input js-filter-checkbox__input" type="checkbox"
                                            id="filterBottler_The+Perfect+Measure" data-value="The+Perfect+Measure"
                                            onclick="_gaq.push(['_trackEvent', 'filter-Search+page', 'click', 'Bottler-The+Perfect+Measure'])" />
                                        <label class="filter-checkbox__label filter-checkbox__label-checkbox"
                                            for="filterBottler_The+Perfect+Measure">The Perfect Measure (1)</label>
                                    </div>
                                </div>
                            </details>
                            <details class="filter-accordion ">
                                <summary class="filter-accordion__title">
                                    Strength
                                    <i class="far fa-chevron-down filter-accordion__title-icon"></i>
                                    <i class="far fa-chevron-up filter-accordion__title-icon"></i>
                                </summary>
                                <div id="filterStrength" class="filter-accordion__list js-filter-accordion__list"
                                    data-filtertype="multiselect" data-filtername="Strength">
                                    <div class="filter-checkbox filter-checkbox--v2">
                                        <input class="filter-checkbox__input js-filter-checkbox__input" type="checkbox"
                                            id="filterStrength_Less+than+43%25" data-value="Less+than+43%25"
                                            onclick="_gaq.push(['_trackEvent', 'filter-Search+page', 'click', 'Strength-Less+than+43%25'])" />
                                        <label class="filter-checkbox__label filter-checkbox__label-checkbox"
                                            for="filterStrength_Less+than+43%25">Less than 43% (125)</label>
                                    </div>
                                    <div class="filter-checkbox filter-checkbox--v2">
                                        <input class="filter-checkbox__input js-filter-checkbox__input" type="checkbox"
                                            id="filterStrength_43%25+to+46%25" data-value="43%25+to+46%25"
                                            onclick="_gaq.push(['_trackEvent', 'filter-Search+page', 'click', 'Strength-43%25+to+46%25'])" />
                                        <label class="filter-checkbox__label filter-checkbox__label-checkbox"
                                            for="filterStrength_43%25+to+46%25">43% to 46% (17)</label>
                                    </div>
                                    <div class="filter-checkbox filter-checkbox--v2">
                                        <input class="filter-checkbox__input js-filter-checkbox__input" type="checkbox"
                                            id="filterStrength_Over+46%25" data-value="Over+46%25"
                                            onclick="_gaq.push(['_trackEvent', 'filter-Search+page', 'click', 'Strength-Over+46%25'])" />
                                        <label class="filter-checkbox__label filter-checkbox__label-checkbox"
                                            for="filterStrength_Over+46%25">Over 46% (5)</label>
                                    </div>
                                </div>
                            </details>
                            <details class="filter-accordion ">
                                <summary class="filter-accordion__title">
                                    Size
                                    <i class="far fa-chevron-down filter-accordion__title-icon"></i>
                                    <i class="far fa-chevron-up filter-accordion__title-icon"></i>
                                </summary>
                                <div id="filterSize" class="filter-accordion__list js-filter-accordion__list"
                                    data-filtertype="multiselect" data-filtername="Size">
                                    <div class="filter-checkbox filter-checkbox--v2">
                                        <input class="filter-checkbox__input js-filter-checkbox__input" type="checkbox"
                                            id="filterSize_Small+Bottles" data-value="Small+Bottles"
                                            onclick="_gaq.push(['_trackEvent', 'filter-Search+page', 'click', 'Size-Small+Bottles'])" />
                                        <label class="filter-checkbox__label filter-checkbox__label-checkbox"
                                            for="filterSize_Small+Bottles">Small Bottles (14)</label>
                                    </div>
                                    <div class="filter-checkbox filter-checkbox--v2">
                                        <input class="filter-checkbox__input js-filter-checkbox__input" type="checkbox"
                                            id="filterSize_Standard+Bottles" data-value="Standard+Bottles"
                                            onclick="_gaq.push(['_trackEvent', 'filter-Search+page', 'click', 'Size-Standard+Bottles'])" />
                                        <label class="filter-checkbox__label filter-checkbox__label-checkbox"
                                            for="filterSize_Standard+Bottles">Standard Bottles (131)</label>
                                    </div>
                                    <div class="filter-checkbox filter-checkbox--v2">
                                        <input class="filter-checkbox__input js-filter-checkbox__input" type="checkbox"
                                            id="filterSize_Large+Bottles" data-value="Large+Bottles"
                                            onclick="_gaq.push(['_trackEvent', 'filter-Search+page', 'click', 'Size-Large+Bottles'])" />
                                        <label class="filter-checkbox__label filter-checkbox__label-checkbox"
                                            for="filterSize_Large+Bottles">Large Bottles (2)</label>
                                    </div>
                                </div>
                            </details>
                            <details class="filter-accordion ">
                                <summary class="filter-accordion__title">
                                    Limited Edition
                                    <i class="far fa-chevron-down filter-accordion__title-icon"></i>
                                    <i class="far fa-chevron-up filter-accordion__title-icon"></i>
                                </summary>
                                <div id="filterLimitedEdition" class="filter-accordion__list js-filter-accordion__list"
                                    data-filtertype="multiselect" data-filtername="LimitedEdition">
                                    <div class="filter-checkbox filter-checkbox--v2">
                                        <input class="filter-checkbox__input js-filter-checkbox__input" type="checkbox"
                                            id="filterLimitedEdition_Yes" data-value="Yes"
                                            onclick="_gaq.push(['_trackEvent', 'filter-Search+page', 'click', 'LimitedEdition-Yes'])" />
                                        <label class="filter-checkbox__label filter-checkbox__label-checkbox"
                                            for="filterLimitedEdition_Yes">Yes (11)</label>
                                    </div>
                                </div>
                            </details>
                            <details class="filter-accordion ">
                                <summary class="filter-accordion__title">
                                    Flavour Profile
                                    <i class="far fa-chevron-down filter-accordion__title-icon"></i>
                                    <i class="far fa-chevron-up filter-accordion__title-icon"></i>
                                </summary>
                                <div id="filterFlavourProfile" class="filter-accordion__list js-filter-accordion__list"
                                    data-filtertype="multiselect" data-filtername="FlavourProfile">
                                    <div class="filter-checkbox filter-checkbox--v2">
                                        <input class="filter-checkbox__input js-filter-checkbox__input" type="checkbox"
                                            id="filterFlavourProfile_Rich+fruit+and+spice"
                                            data-value="Rich+fruit+and+spice"
                                            onclick="_gaq.push(['_trackEvent', 'filter-Search+page', 'click', 'FlavourProfile-Rich+fruit+and+spice'])" />
                                        <label class="filter-checkbox__label filter-checkbox__label-checkbox"
                                            for="filterFlavourProfile_Rich+fruit+and+spice">Rich fruit and spice
                                            (1)</label>
                                    </div>
                                </div>
                            </details>
                            <details class="filter-accordion ">
                                <summary class="filter-accordion__title">
                                    Colouring
                                    <i class="far fa-chevron-down filter-accordion__title-icon"></i>
                                    <i class="far fa-chevron-up filter-accordion__title-icon"></i>
                                </summary>
                                <div id="filterColouring" class="filter-accordion__list js-filter-accordion__list"
                                    data-filtertype="multiselect" data-filtername="Colouring">
                                    <div class="filter-checkbox filter-checkbox--v2">
                                        <input class="filter-checkbox__input js-filter-checkbox__input" type="checkbox"
                                            id="filterColouring_No" data-value="No"
                                            onclick="_gaq.push(['_trackEvent', 'filter-Search+page', 'click', 'Colouring-No'])" />
                                        <label class="filter-checkbox__label filter-checkbox__label-checkbox"
                                            for="filterColouring_No">No (40)</label>
                                    </div>
                                </div>
                            </details>
                            <details class="filter-accordion ">
                                <summary class="filter-accordion__title">
                                    Certification
                                    <i class="far fa-chevron-down filter-accordion__title-icon"></i>
                                    <i class="far fa-chevron-up filter-accordion__title-icon"></i>
                                </summary>
                                <div id="filterCertification" class="filter-accordion__list js-filter-accordion__list"
                                    data-filtertype="multiselect" data-filtername="Certification">
                                    <div class="filter-checkbox filter-checkbox--v2">
                                        <input class="filter-checkbox__input js-filter-checkbox__input" type="checkbox"
                                            id="filterCertification_Certified+B-Corp" data-value="Certified+B-Corp"
                                            onclick="_gaq.push(['_trackEvent', 'filter-Search+page', 'click', 'Certification-Certified+B-Corp'])" />
                                        <label class="filter-checkbox__label filter-checkbox__label-checkbox"
                                            for="filterCertification_Certified+B-Corp">Certified B-Corp (1)</label>
                                    </div>
                                    <div class="filter-checkbox filter-checkbox--v2">
                                        <input class="filter-checkbox__input js-filter-checkbox__input" type="checkbox"
                                            id="filterCertification_Vegan" data-value="Vegan"
                                            onclick="_gaq.push(['_trackEvent', 'filter-Search+page', 'click', 'Certification-Vegan'])" />
                                        <label class="filter-checkbox__label filter-checkbox__label-checkbox"
                                            for="filterCertification_Vegan">Vegan (3)</label>
                                    </div>
                                </div>
                            </details>
                            <details class="filter-accordion ">
                                <summary class="filter-accordion__title">
                                    Sustainability
                                    <i class="far fa-chevron-down filter-accordion__title-icon"></i>
                                    <i class="far fa-chevron-up filter-accordion__title-icon"></i>
                                </summary>
                                <div id="filterSustainability" class="filter-accordion__list js-filter-accordion__list"
                                    data-filtertype="multiselect" data-filtername="Sustainability">
                                    <div class="filter-checkbox filter-checkbox--v2">
                                        <input class="filter-checkbox__input js-filter-checkbox__input" type="checkbox"
                                            id="filterSustainability_Socially+Conscious" data-value="Socially+Conscious"
                                            onclick="_gaq.push(['_trackEvent', 'filter-Search+page', 'click', 'Sustainability-Socially+Conscious'])" />
                                        <label class="filter-checkbox__label filter-checkbox__label-checkbox"
                                            for="filterSustainability_Socially+Conscious">Socially Conscious (1)</label>
                                    </div>
                                    <div class="filter-checkbox filter-checkbox--v2">
                                        <input class="filter-checkbox__input js-filter-checkbox__input" type="checkbox"
                                            id="filterSustainability_Sustainably+Produced"
                                            data-value="Sustainably+Produced"
                                            onclick="_gaq.push(['_trackEvent', 'filter-Search+page', 'click', 'Sustainability-Sustainably+Produced'])" />
                                        <label class="filter-checkbox__label filter-checkbox__label-checkbox"
                                            for="filterSustainability_Sustainably+Produced">Sustainably Produced
                                            (1)</label>
                                    </div>
                                    <div class="filter-checkbox filter-checkbox--v2">
                                        <input class="filter-checkbox__input js-filter-checkbox__input" type="checkbox"
                                            id="filterSustainability_Sustainably+Sourced"
                                            data-value="Sustainably+Sourced"
                                            onclick="_gaq.push(['_trackEvent', 'filter-Search+page', 'click', 'Sustainability-Sustainably+Sourced'])" />
                                        <label class="filter-checkbox__label filter-checkbox__label-checkbox"
                                            for="filterSustainability_Sustainably+Sourced">Sustainably Sourced
                                            (1)</label>
                                    </div>
                                </div>
                            </details>
                            <div class="filter-toggle-switch">
                                <input type="checkbox"
                                    class="filter-toggle-switch__input js-filter-toggle-switch__input"
                                    id="filterIncludeOutOfStock" data-filtertype="toggleswitch"
                                    data-filtername="IncludeOutOfStock"
                                    onclick="_gaq.push(['_trackEvent', 'filter-Search+page', 'click', 'IncludeOutOfStock'])">
                                <label class="filter-toggle-switch__label" for="filterIncludeOutOfStock">
                                    Include out of stock products (13)
                                </label>
                            </div>
                        </div>
                    </div>
                    <footer class="filter-drawer__action">
                        <button
                            class="js-filter-drawer__button cta-button cta-button--alpha cta-button--regular cta-button--full-width"
                            data-filteredproducts="147" data-totalproducts="162" data-categorytagstofilterby=""
                            data-categoryidstofilterby="" data-brandidstofilterby="" data-buylistidstofilterby=""
                            data-searchtexttofilterby="cider" data-isonoffer="False" data-age="" data-vintage=""
                            data-urlwheretodisplay="" data-excludecategorytags="" data-excludecategoryids=""
                            data-excludebrandids="" data-excludebuylistids=""
                            data-analyticstrackingcategory="Search page">Show All Products</button>
                    </footer>
                </div>
            </section>
            <section class="js-filter-products">
                <div class="product-grid">
                    <ul class="product-grid__list">
                        <li class="product-grid__item"><a href="/p/55602/english-cider-collection-5-pack"
                                class="product-card" title=" English Cider Collection 5-Pack"
                                onclick="_gaq.push(['_trackEvent', 'Search page-GridView', 'click', '55602 : English Cider Collection / 5-Pack']);tweSite.services.search.submitSearchAnalytics('08188c2e8e2521e5dcfff96e9e60a9aa','55602',1,'TweSearchProducts');">
                                <div class="product-card__image-container"><img
                                        src="https://img.thewhiskyexchange.com/480/bundle_cider1.jpg"
                                        alt="English Cider Collection 5-Pack" class="product-card__image" loading="lazy"
                                        width="3" height="4">
                                    <div class="product-extras product-extras--grid">
                                        <div class="product-extras-flash product-extras-flash--red">
                                            <p class="product-extras-flash__content"> Offer </p>
                                        </div>
                                    </div>
                                </div>
                                <div class="product-card__content">
                                    <p class="product-card__name"> English Cider Collection<span
                                            class="product-card__name-secondary">5-Pack</span></p>
                                    <p class="product-card__meta"> 182cl / 4.9% </p>
                                </div>
                                <div class="product-card__data">
                                    <p class="product-card__price"> £12.95 </p>
                                    <p class="product-card__unit-price"> (£7.12 per litre) </p>
                                </div>
                            </a></li>
                        <li class="product-grid__item"><a href="/p/15714/somerset-cider-brandy-10-year-old"
                                class="product-card" title="Somerset Cider Brandy 10 Year Old"
                                onclick="_gaq.push(['_trackEvent', 'Search page-GridView', 'click', '15714 : Somerset Cider Brandy 10 Year Old']);tweSite.services.search.submitSearchAnalytics('08188c2e8e2521e5dcfff96e9e60a9aa','15714',2,'TweSearchProducts');">
                                <div class="product-card__image-container"><img
                                        src="https://img.thewhiskyexchange.com/480/calva_som1.jpg"
                                        alt="Somerset Cider Brandy 10 Year Old" class="product-card__image"
                                        loading="lazy" width="3" height="4"></div>
                                <div class="product-card__content">
                                    <p class="product-card__name"> Somerset Cider Brandy 10 Year Old </p>
                                    <p class="product-card__meta"> 70cl / 42% </p>
                                </div>
                                <div class="product-card__data">
                                    <p class="product-card__price"> £48.25 </p>
                                    <p class="product-card__unit-price"> (£68.93 per litre) </p>
                                </div>
                            </a></li>
                        <li class="product-grid__item"><a href="/p/22797/somerset-cider-brandy-5-year-old"
                                class="product-card" title="Somerset Cider Brandy 5 Year Old"
                                onclick="_gaq.push(['_trackEvent', 'Search page-GridView', 'click', '22797 : Somerset Cider Brandy 5 Year Old']);tweSite.services.search.submitSearchAnalytics('08188c2e8e2521e5dcfff96e9e60a9aa','22797',3,'TweSearchProducts');">
                                <div class="product-card__image-container"><img
                                        src="https://img.thewhiskyexchange.com/480/calva_som7.jpg"
                                        alt="Somerset Cider Brandy 5 Year Old" class="product-card__image"
                                        loading="lazy" width="3" height="4"></div>
                                <div class="product-card__content">
                                    <p class="product-card__name"> Somerset Cider Brandy 5 Year Old </p>
                                    <p class="product-card__meta"> 70cl / 42% </p>
                                </div>
                                <div class="product-card__data">
                                    <p class="product-card__price"> £39.75 </p>
                                    <p class="product-card__unit-price"> (£56.79 per litre) </p>
                                </div>
                            </a></li>
                        <li class="product-grid__item"><a href="/p/17978/somerset-cider-brandy-3-year-old-half-bottle"
                                class="product-card" title=" Somerset Cider Brandy 3 Year Old Half Bottle"
                                onclick="_gaq.push(['_trackEvent', 'Search page-GridView', 'click', '17978 : Somerset Cider Brandy 3 Year Old / Half Bottle']);tweSite.services.search.submitSearchAnalytics('08188c2e8e2521e5dcfff96e9e60a9aa','17978',4,'TweSearchProducts');">
                                <div class="product-card__image-container"><img
                                        src="https://img.thewhiskyexchange.com/480/calva_som5.jpg"
                                        alt="Somerset Cider Brandy 3 Year Old Half Bottle" class="product-card__image"
                                        loading="lazy" width="3" height="4"></div>
                                <div class="product-card__content">
                                    <p class="product-card__name"> Somerset Cider Brandy 3 Year Old<span
                                            class="product-card__name-secondary">Half Bottle</span></p>
                                    <p class="product-card__meta"> 35cl / 42% </p>
                                </div>
                                <div class="product-card__data">
                                    <p class="product-card__price"> £17.95 </p>
                                    <p class="product-card__unit-price"> (£51.29 per litre) </p>
                                </div>
                            </a></li>
                        <li class="product-grid__item"><a href="/p/17977/somerset-cider-brandy-alchemy"
                                class="product-card" title="Somerset Cider Brandy Alchemy"
                                onclick="_gaq.push(['_trackEvent', 'Search page-GridView', 'click', '17977 : Somerset Cider Brandy Alchemy']);tweSite.services.search.submitSearchAnalytics('08188c2e8e2521e5dcfff96e9e60a9aa','17977',5,'TweSearchProducts');">
                                <div class="product-card__image-container"><img
                                        src="https://img.thewhiskyexchange.com/480/calva_som4.jpg"
                                        alt="Somerset Cider Brandy Alchemy" class="product-card__image" loading="lazy"
                                        width="3" height="4"></div>
                                <div class="product-card__content">
                                    <p class="product-card__name"> Somerset Cider Brandy Alchemy </p>
                                    <p class="product-card__meta"> 70cl / 42% </p>
                                </div>
                                <div class="product-card__data">
                                    <p class="product-card__price"> £69.95 </p>
                                    <p class="product-card__unit-price"> (£99.93 per litre) </p>
                                </div>
                            </a></li>
                        <li class="product-grid__item"><a href="/p/52489/somerset-cider-brandy-3-year-old"
                                class="product-card" title="Somerset Cider Brandy 3 Year Old"
                                onclick="_gaq.push(['_trackEvent', 'Search page-GridView', 'click', '52489 : Somerset Cider Brandy 3 Year Old']);tweSite.services.search.submitSearchAnalytics('08188c2e8e2521e5dcfff96e9e60a9aa','52489',6,'TweSearchProducts');">
                                <div class="product-card__image-container"><img
                                        src="https://img.thewhiskyexchange.com/480/calva_som11.jpg"
                                        alt="Somerset Cider Brandy 3 Year Old" class="product-card__image"
                                        loading="lazy" width="3" height="4"></div>
                                <div class="product-card__content">
                                    <p class="product-card__name"> Somerset Cider Brandy 3 Year Old </p>
                                    <p class="product-card__meta"> 70cl / 42% </p>
                                </div>
                                <div class="product-card__data">
                                    <p class="product-card__price"> £32.25 </p>
                                    <p class="product-card__unit-price"> (£46.07 per litre) </p>
                                </div>
                            </a></li>
                        <li class="product-grid__item"><a href="/p/39149/maley-cider-aperitif" class="product-card"
                                title="Maley Cider Aperitif"
                                onclick="_gaq.push(['_trackEvent', 'Search page-GridView', 'click', '39149 : Maley Cider Aperitif']);tweSite.services.search.submitSearchAnalytics('08188c2e8e2521e5dcfff96e9e60a9aa','39149',7,'TweSearchProducts');">
                                <div class="product-card__image-container"><img
                                        src="https://img.thewhiskyexchange.com/480/vermo_mal1.jpg"
                                        alt="Maley Cider Aperitif" class="product-card__image" loading="lazy" width="3"
                                        height="4"></div>
                                <div class="product-card__content">
                                    <p class="product-card__name"> Maley Cider Aperitif </p>
                                    <p class="product-card__meta"> 70cl / 17.5% </p>
                                </div>
                                <div class="product-card__data">
                                    <p class="product-card__price"> £27.95 </p>
                                    <p class="product-card__unit-price"> (£39.93 per litre) </p>
                                </div>
                            </a></li>
                        <li class="product-grid__item"><a href="/p/17976/somerset-cider-brandy-20-year-old"
                                class="product-card" title="Somerset Cider Brandy 20 Year Old"
                                onclick="_gaq.push(['_trackEvent', 'Search page-GridView', 'click', '17976 : Somerset Cider Brandy 20 Year Old']);tweSite.services.search.submitSearchAnalytics('08188c2e8e2521e5dcfff96e9e60a9aa','17976',8,'TweSearchProducts');">
                                <div class="product-card__image-container"><img
                                        src="https://img.thewhiskyexchange.com/480/calva_som3.jpg"
                                        alt="Somerset Cider Brandy 20 Year Old" class="product-card__image"
                                        loading="lazy" width="3" height="4"></div>
                                <div class="product-card__content">
                                    <p class="product-card__name"> Somerset Cider Brandy 20 Year Old </p>
                                    <p class="product-card__meta"> 50cl / 42% </p>
                                </div>
                                <div class="product-card__data">
                                    <p class="product-card__price"> £108 </p>
                                    <p class="product-card__unit-price"> (£216 per litre) </p>
                                </div>
                            </a></li>
                        <li class="product-grid__item"><a href="/p/34021/somerset-ice-cider-half-litre"
                                class="product-card" title=" Somerset Ice Cider Half Litre"
                                onclick="_gaq.push(['_trackEvent', 'Search page-GridView', 'click', '34021 : Somerset Ice Cider / Half Litre']);tweSite.services.search.submitSearchAnalytics('08188c2e8e2521e5dcfff96e9e60a9aa','34021',9,'TweSearchProducts');">
                                <div class="product-card__image-container"><img
                                        src="https://img.thewhiskyexchange.com/480/cider_som1.jpg"
                                        alt="Somerset Ice Cider Half Litre" class="product-card__image" loading="lazy"
                                        width="3" height="4"></div>
                                <div class="product-card__content">
                                    <p class="product-card__name"> Somerset Ice Cider<span
                                            class="product-card__name-secondary">Half Litre</span></p>
                                    <p class="product-card__meta"> 50cl / 11.5% </p>
                                </div>
                                <div class="product-card__data">
                                    <p class="product-card__price"> £16.45 </p>
                                    <p class="product-card__unit-price"> (£32.90 per litre) </p>
                                </div>
                            </a></li>
                        <li class="product-grid__item"><a href="/p/54230/umbrella-apple-cider" class="product-card"
                                title="Umbrella Apple Cider"
                                onclick="_gaq.push(['_trackEvent', 'Search page-GridView', 'click', '54230 : Umbrella Apple Cider']);tweSite.services.search.submitSearchAnalytics('08188c2e8e2521e5dcfff96e9e60a9aa','54230',10,'TweSearchProducts');">
                                <div class="product-card__image-container"><img
                                        src="https://img.thewhiskyexchange.com/480/cider_umb2.jpg"
                                        alt="Umbrella Apple Cider" class="product-card__image" loading="lazy" width="3"
                                        height="4"></div>
                                <div class="product-card__content">
                                    <p class="product-card__name"> Umbrella Apple Cider </p>
                                    <p class="product-card__meta"> 33cl / 5% </p>
                                </div>
                                <div class="product-card__data">
                                    <p class="product-card__price"> £2.25 </p>
                                    <p class="product-card__unit-price"> (£6.82 per litre) </p>
                                </div>
                            </a></li>
                        <li class="product-grid__item"><a href="/p/64951/hogans-dry-cider" class="product-card"
                                title="Hogan's Dry Cider"
                                onclick="_gaq.push(['_trackEvent', 'Search page-GridView', 'click', '64951 : Hogans Dry Cider']);tweSite.services.search.submitSearchAnalytics('08188c2e8e2521e5dcfff96e9e60a9aa','64951',11,'TweSearchProducts');">
                                <div class="product-card__image-container"><img
                                        src="https://img.thewhiskyexchange.com/480/cider_hog1.jpg"
                                        alt="Hogan's Dry Cider" class="product-card__image" loading="lazy" width="3"
                                        height="4"></div>
                                <div class="product-card__content">
                                    <p class="product-card__name"> Hogan's Dry Cider </p>
                                    <p class="product-card__meta"> 50cl / 5.8% </p>
                                </div>
                                <div class="product-card__data">
                                    <p class="product-card__price"> £3.25 </p>
                                    <p class="product-card__unit-price"> (£6.50 per litre) </p>
                                </div>
                            </a></li>
                        <li class="product-grid__item"><a href="/p/56833/umbrella-rhubarb-cider" class="product-card"
                                title="Umbrella Rhubarb Cider"
                                onclick="_gaq.push(['_trackEvent', 'Search page-GridView', 'click', '56833 : Umbrella Rhubarb Cider']);tweSite.services.search.submitSearchAnalytics('08188c2e8e2521e5dcfff96e9e60a9aa','56833',12,'TweSearchProducts');">
                                <div class="product-card__image-container"><img
                                        src="https://img.thewhiskyexchange.com/480/cider_umb4.jpg"
                                        alt="Umbrella Rhubarb Cider" class="product-card__image" loading="lazy"
                                        width="3" height="4"></div>
                                <div class="product-card__content">
                                    <p class="product-card__name"> Umbrella Rhubarb Cider </p>
                                    <p class="product-card__meta"> 33cl / 5% </p>
                                </div>
                                <div class="product-card__data">
                                    <p class="product-card__price"> £2.45 </p>
                                    <p class="product-card__unit-price"> (£7.42 per litre) </p>
                                </div>
                            </a></li>
                        <li class="product-grid__item"><a href="/p/39046/curious-apple-cider" class="product-card"
                                title="Curious Apple Cider"
                                onclick="_gaq.push(['_trackEvent', 'Search page-GridView', 'click', '39046 : Curious Apple Cider']);tweSite.services.search.submitSearchAnalytics('08188c2e8e2521e5dcfff96e9e60a9aa','39046',13,'TweSearchProducts');">
                                <div class="product-card__image-container"><img
                                        src="https://img.thewhiskyexchange.com/480/cider_cur1.jpg"
                                        alt="Curious Apple Cider" class="product-card__image" loading="lazy" width="3"
                                        height="4"></div>
                                <div class="product-card__content">
                                    <p class="product-card__name"> Curious Apple Cider </p>
                                    <p class="product-card__meta"> 33cl / 5.2% </p>
                                </div>
                                <div class="product-card__data">
                                    <p class="product-card__price"> £2.25 </p>
                                    <p class="product-card__unit-price"> (£6.82 per litre) </p>
                                </div>
                            </a></li>
                        <li class="product-grid__item"><a href="/p/39536/somerset-shipwreck-cider-brandy-8-year-old"
                                class="product-card" title=" Somerset Shipwreck Cider Brandy 8 Year Old"
                                onclick="_gaq.push(['_trackEvent', 'Search page-GridView', 'click', '39536 : Somerset Shipwreck Cider Brandy / 8 Year Old']);tweSite.services.search.submitSearchAnalytics('08188c2e8e2521e5dcfff96e9e60a9aa','39536',14,'TweSearchProducts');">
                                <div class="product-card__image-container"><img
                                        src="https://img.thewhiskyexchange.com/480/calva_som9.jpg"
                                        alt="Somerset Shipwreck Cider Brandy 8 Year Old" class="product-card__image"
                                        loading="lazy" width="3" height="4"></div>
                                <div class="product-card__content">
                                    <p class="product-card__name"> Somerset Shipwreck Cider Brandy<span
                                            class="product-card__name-secondary">8 Year Old</span></p>
                                    <p class="product-card__meta"> 50cl / 43% </p>
                                </div>
                                <div class="product-card__data">
                                    <p class="product-card__price"> £39.75 </p>
                                    <p class="product-card__unit-price"> (£79.50 per litre) </p>
                                </div>
                            </a></li>
                        <li class="product-grid__item"><a href="/p/66289/kentish-pip-skylark-medium-dry-cider"
                                class="product-card" title="Kentish Pip Skylark Medium Dry Cider"
                                onclick="_gaq.push(['_trackEvent', 'Search page-GridView', 'click', '66289 : Kentish Pip Skylark Medium Dry Cider']);tweSite.services.search.submitSearchAnalytics('08188c2e8e2521e5dcfff96e9e60a9aa','66289',15,'TweSearchProducts');">
                                <div class="product-card__image-container"><img
                                        src="https://img.thewhiskyexchange.com/480/cider_ken3.jpg"
                                        alt="Kentish Pip Skylark Medium Dry Cider" class="product-card__image"
                                        loading="lazy" width="3" height="4"></div>
                                <div class="product-card__content">
                                    <p class="product-card__name"> Kentish Pip Skylark Medium Dry Cider </p>
                                    <p class="product-card__meta"> 33cl / 5.5% </p>
                                </div>
                                <div class="product-card__data">
                                    <p class="product-card__price"> £2.95 </p>
                                    <p class="product-card__unit-price"> (£8.94 per litre) </p>
                                </div>
                            </a></li>
                        <li class="product-grid__item"><a href="/p/54629/kentish-pip-skylark-medium-dry-cider"
                                class="product-card" title="Kentish Pip Skylark Medium Dry Cider"
                                onclick="_gaq.push(['_trackEvent', 'Search page-GridView', 'click', '54629 : Kentish Pip Skylark Medium Dry Cider']);tweSite.services.search.submitSearchAnalytics('08188c2e8e2521e5dcfff96e9e60a9aa','54629',16,'TweSearchProducts');">
                                <div class="product-card__image-container"><img
                                        src="https://img.thewhiskyexchange.com/480/cider_ken1.jpg"
                                        alt="Kentish Pip Skylark Medium Dry Cider" class="product-card__image"
                                        loading="lazy" width="3" height="4"></div>
                                <div class="product-card__content">
                                    <p class="product-card__name"> Kentish Pip Skylark Medium Dry Cider </p>
                                    <p class="product-card__meta"> 33cl / 5.5% </p>
                                </div>
                                <div class="product-card__data">
                                    <p class="product-card__price"> £2.95 </p>
                                    <p class="product-card__unit-price"> (£8.94 per litre) </p>
                                </div>
                            </a></li>
                        <li class="product-grid__item"><a href="/p/54630/kentish-pip-high-diver-medium-dry-cider"
                                class="product-card" title="Kentish Pip High Diver Medium Dry Cider"
                                onclick="_gaq.push(['_trackEvent', 'Search page-GridView', 'click', '54630 : Kentish Pip High Diver Medium Dry Cider']);tweSite.services.search.submitSearchAnalytics('08188c2e8e2521e5dcfff96e9e60a9aa','54630',17,'TweSearchProducts');">
                                <div class="product-card__image-container"><img
                                        src="https://img.thewhiskyexchange.com/480/cider_ken2.jpg"
                                        alt="Kentish Pip High Diver Medium Dry Cider" class="product-card__image"
                                        loading="lazy" width="3" height="4"></div>
                                <div class="product-card__content">
                                    <p class="product-card__name"> Kentish Pip High Diver Medium Dry Cider </p>
                                    <p class="product-card__meta"> 33cl / 4.8% </p>
                                </div>
                                <div class="product-card__data">
                                    <p class="product-card__price"> £2.95 </p>
                                    <p class="product-card__unit-price"> (£8.94 per litre) </p>
                                </div>
                            </a></li>
                        <li class="product-grid__item"><a href="/p/42685/somerset-morello-cherry-liqueur"
                                class="product-card" title="Somerset Morello Cherry Liqueur"
                                onclick="_gaq.push(['_trackEvent', 'Search page-GridView', 'click', '42685 : Somerset Morello Cherry Liqueur']);tweSite.services.search.submitSearchAnalytics('08188c2e8e2521e5dcfff96e9e60a9aa','42685',18,'TweSearchProducts');">
                                <div class="product-card__image-container"><img
                                        src="https://img.thewhiskyexchange.com/480/liq_som2.jpg"
                                        alt="Somerset Morello Cherry Liqueur" class="product-card__image" loading="lazy"
                                        width="3" height="4"></div>
                                <div class="product-card__content">
                                    <p class="product-card__name"> Somerset Morello Cherry Liqueur </p>
                                    <p class="product-card__meta"> 35cl / 17.5% </p>
                                </div>
                                <div class="product-card__data">
                                    <p class="product-card__price"> £14.95 </p>
                                    <p class="product-card__unit-price"> (£42.71 per litre) </p>
                                </div>
                            </a></li>
                        <li class="product-grid__item"><a href="/p/57847/busnel-calvados-pays-dauge"
                                class="product-card" title="Busnel Calvados Pays d'Auge"
                                onclick="_gaq.push(['_trackEvent', 'Search page-GridView', 'click', '57847 : Busnel Calvados Pays dAuge']);tweSite.services.search.submitSearchAnalytics('08188c2e8e2521e5dcfff96e9e60a9aa','57847',19,'TweSearchProducts');">
                                <div class="product-card__image-container"><img
                                        src="https://img.thewhiskyexchange.com/480/calva_bus7.jpg"
                                        alt="Busnel Calvados Pays d'Auge" class="product-card__image" loading="lazy"
                                        width="3" height="4"></div>
                                <div class="product-card__content">
                                    <p class="product-card__name"> Busnel Calvados Pays d'Auge </p>
                                    <p class="product-card__meta"> 70cl / 40% </p>
                                </div>
                                <div class="product-card__data">
                                    <p class="product-card__price"> £22.95 </p>
                                    <p class="product-card__unit-price"> (£32.79 per litre) </p>
                                </div>
                            </a></li>
                        <li class="product-grid__item"><a href="/p/45776/dupont-fine-calvados" class="product-card"
                                title="Dupont Fine Calvados"
                                onclick="_gaq.push(['_trackEvent', 'Search page-GridView', 'click', '45776 : Dupont Fine Calvados']);tweSite.services.search.submitSearchAnalytics('08188c2e8e2521e5dcfff96e9e60a9aa','45776',20,'TweSearchProducts');">
                                <div class="product-card__image-container"><img
                                        src="https://img.thewhiskyexchange.com/480/calva_dup13.jpg"
                                        alt="Dupont Fine Calvados" class="product-card__image" loading="lazy" width="3"
                                        height="4"></div>
                                <div class="product-card__content">
                                    <p class="product-card__name"> Dupont Fine Calvados </p>
                                    <p class="product-card__meta"> 70cl / 40% </p>
                                </div>
                                <div class="product-card__data">
                                    <p class="product-card__price"> £36.45 </p>
                                    <p class="product-card__unit-price"> (£52.07 per litre) </p>
                                </div>
                            </a></li>
                        <li class="product-grid__item"><a href="/p/1433/boulard-grand-solage-calvados-pays-dauge"
                                class="product-card" title=" Boulard Grand Solage Calvados Pays d'Auge"
                                onclick="_gaq.push(['_trackEvent', 'Search page-GridView', 'click', '1433 : Boulard Grand Solage Calvados / Pays dAuge']);tweSite.services.search.submitSearchAnalytics('08188c2e8e2521e5dcfff96e9e60a9aa','1433',21,'TweSearchProducts');">
                                <div class="product-card__image-container"><img
                                        src="https://img.thewhiskyexchange.com/480/calva_bou1.jpg"
                                        alt="Boulard Grand Solage Calvados Pays d'Auge" class="product-card__image"
                                        loading="lazy" width="3" height="4"></div>
                                <div class="product-card__content">
                                    <p class="product-card__name"> Boulard Grand Solage Calvados<span
                                            class="product-card__name-secondary">Pays d'Auge</span></p>
                                    <p class="product-card__meta"> 70cl / 40% </p>
                                </div>
                                <div class="product-card__data">
                                    <p class="product-card__price"> £34.45 </p>
                                    <p class="product-card__unit-price"> (£49.21 per litre) </p>
                                </div>
                            </a></li>
                        <li class="product-grid__item"><a href="/p/59149/pere-magloire-vs-fine-aoc-calvados"
                                class="product-card" title="Pere Magloire VS Fine AOC Calvados"
                                onclick="_gaq.push(['_trackEvent', 'Search page-GridView', 'click', '59149 : Pere Magloire VS Fine AOC Calvados']);tweSite.services.search.submitSearchAnalytics('08188c2e8e2521e5dcfff96e9e60a9aa','59149',22,'TweSearchProducts');">
                                <div class="product-card__image-container"><img
                                        src="https://img.thewhiskyexchange.com/480/calva_per16.jpg"
                                        alt="Pere Magloire VS Fine AOC Calvados" class="product-card__image"
                                        loading="lazy" width="3" height="4"></div>
                                <div class="product-card__content">
                                    <p class="product-card__name"> Pere Magloire VS Fine AOC Calvados </p>
                                    <p class="product-card__meta"> 70cl / 40% </p>
                                </div>
                                <div class="product-card__data">
                                    <p class="product-card__price"> £29.75 </p>
                                    <p class="product-card__unit-price"> (£42.50 per litre) </p>
                                </div>
                            </a></li>
                        <li class="product-grid__item"><a href="/p/7187/lairds-applejack-3-4-year-old"
                                class="product-card" title="Laird's Applejack (3-4 Year Old)"
                                onclick="_gaq.push(['_trackEvent', 'Search page-GridView', 'click', '7187 : Lairds Applejack (3-4 Year Old)']);tweSite.services.search.submitSearchAnalytics('08188c2e8e2521e5dcfff96e9e60a9aa','7187',23,'TweSearchProducts');">
                                <div class="product-card__image-container"><img
                                        src="https://img.thewhiskyexchange.com/480/calva_lai1.jpg"
                                        alt="Laird's Applejack (3-4 Year Old)" class="product-card__image"
                                        loading="lazy" width="3" height="4"></div>
                                <div class="product-card__content">
                                    <p class="product-card__name"> Laird's Applejack (3-4 Year Old) </p>
                                    <p class="product-card__meta"> 70cl / 40% </p>
                                </div>
                                <div class="product-card__data">
                                    <p class="product-card__price"> £34.95 </p>
                                    <p class="product-card__unit-price"> (£49.93 per litre) </p>
                                </div>
                            </a></li>
                        <li class="product-grid__item"><a
                                href="/p/68636/christian-drouin-caroni-angels-17-year-old-calvados-pays-dauge"
                                class="product-card"
                                title="Christian Drouin Caroni Angels 17 Year Old Calvados Pays D'Auge"
                                onclick="_gaq.push(['_trackEvent', 'Search page-GridView', 'click', '68636 : Christian Drouin Caroni Angels 17 Year Old Calvados Pays DAuge']);tweSite.services.search.submitSearchAnalytics('08188c2e8e2521e5dcfff96e9e60a9aa','68636',24,'TweSearchProducts');">
                                <div class="product-card__image-container"><img
                                        src="https://img.thewhiskyexchange.com/480/calva_dro17yov1.jpg"
                                        alt="Christian Drouin Caroni Angels 17 Year Old Calvados Pays D'Auge"
                                        class="product-card__image" loading="lazy" width="3" height="4"></div>
                                <div class="product-card__content">
                                    <p class="product-card__name"> Christian Drouin Caroni Angels 17 Year Old Calvados
                                        Pays D'Auge </p>
                                    <p class="product-card__meta"> 70cl / 48.8% </p>
                                </div>
                                <div class="product-card__data">
                                    <p class="product-card__price"> £105 </p>
                                    <p class="product-card__unit-price"> (£150 per litre) </p>
                                </div>
                            </a></li>
                    </ul>
                </div>
            </section>
            <section class="pagination-bar pagination-bar--new">
                <div class="pagination-bar__section pagination-bar__section--info">
                    <p class="paging-count js-paging-count">
                        Showing <span class="paging-count__value js-paging-count__value--start"></span> to <span
                            class="paging-count__value js-paging-count__value--end"></span> of <span
                            class="paging-count__value js-paging-count__value--total"></span> products
                    </p>
                </div>
                <div class="pagination-bar__section pagination-bar__section--paging js-pagination-bar__section--paging">
                    <nav>
                        <a class="paging__button paging__button--next js-paging__button--loadmore cta-button cta-button--regular cta-button--disabled"
                            href="/search?q=cider&pg=2" title="Show More">Show More</a>
                    </nav>
                </div>
            </section>
        </div>


        <footer role="contentinfo" itemscope itemtype="http://schema.org/WPFooter" id="footer" class="footer"
            data-countrycode="LV">
            <div class="footer-maillist">
                <input class="js-footer-maillist__token" type="hidden"
                    value="1d00c600e900eb00fc009f00d700470087007500aa005e001900c200e700440019006d00">
                <div class="footer-maillist__container">
                    <div class="footer-maillist__content">
                        <h3 class="footer-maillist__title">
                            <span class="inner">STAY UP TO DATE </span>
                        </h3>
                        <p class="footer-maillist__text">
                            Get new and exclusive releases, special offers and inspiring ideas direct to your inbox
                        </p>
                    </div>
                    <button
                        class="footer-maillist__button js-footer-maillist__button cta-button cta-button--regular cta-button--alpha"
                        type="submit"
                        onclick="_gaq.push(['_trackEvent', 'newsletter', 'click', 'footer-openModal'])">SIGN UP TO OUR
                        NEWSLETTER</button>
                </div>
            </div>
            <div class="footer-content">
                <div class="footer-content__container">
                    <section class="footer-content__section footer-content__section--help">
                        <h3 class="footer-content__title js-footer-content__title">
                            <span>Help &amp; Support</span>
                            <i class="footer-content__expand fal fa-plus"></i>
                        </h3>
                        <div class="footer-content__list">
                            <a class="footer-content__link" href="/customerservice/help-ordertracking"
                                onclick="_gaq.push(['_trackEvent', 'Footer-Links-Help', 'click', 'Track Your Order'])"
                                title="Track Your Order">Track Your Order</a>
                            <a class="footer-content__link" href="/customerservice/help-ordersupport"
                                onclick="_gaq.push(['_trackEvent', 'Footer-Links-Help', 'click', 'Order Related Queries'])"
                                title="Order Related Queries">Order Related Queries</a>
                            <a class="footer-content__link" href="/customerservice/help-productsupport"
                                onclick="_gaq.push(['_trackEvent', 'Footer-Links-Help', 'click', 'Product Queries'])"
                                title="Product Queries">Product Queries</a>
                            <a class="footer-content__link" href="/customerservice/help-technicalsupport"
                                onclick="_gaq.push(['_trackEvent', 'Footer-Links-Help', 'click', 'Technical Queries'])"
                                title="Technical Queries">Technical Queries</a>
                            <a class="footer-content__link" href="/customerservice/help-generalsupport"
                                onclick="_gaq.push(['_trackEvent', 'Footer-Links-Help', 'click', 'General Queries'])"
                                title="General Queries">General Queries</a>
                            <a class="footer-content__link" href="/wanted"
                                onclick="_gaq.push(['_trackEvent', 'Footer-Links-Help', 'click', 'Valuations'])"
                                title="Valuations">Valuations</a>
                            <a class="footer-content__link" href="/customerservice/help-complaintsprocess"
                                onclick="_gaq.push(['_trackEvent', 'Footer-Links-Help', 'click', 'Complaints'])"
                                title="Complaints">Complaints</a>
                        </div>
                    </section>
                    <section class="footer-content__section footer-content__section--delivery">
                        <h3 class="footer-content__title js-footer-content__title">
                            <span>Delivery &amp; Returns</span>
                            <i class="footer-content__expand fal fa-plus"></i>
                        </h3>
                        <div class="footer-content__list">
                            <a class="footer-content__link" href="/customerservice/delivery-charges"
                                onclick="_gaq.push(['_trackEvent', 'Footer-Links-Delivery', 'click', 'Delivery Charges'])"
                                title="Delivery Charges">Delivery Charges</a>
                            <a class="footer-content__link" href="/customerservice/delivery-information"
                                onclick="_gaq.push(['_trackEvent', 'Footer-Links-Delivery', 'click', 'Delivery Information'])"
                                title="Delivery Information">Delivery Information</a>
                            <a class="footer-content__link" href="/customerservice/delivery-insurance"
                                onclick="_gaq.push(['_trackEvent', 'Footer-Links-Delivery', 'click', 'Insurance Charges'])"
                                title="Insurance Charges">Insurance Charges</a>
                            <a class="footer-content__link" href="/customerservice/delivery-customs"
                                onclick="_gaq.push(['_trackEvent', 'Footer-Links-Delivery', 'click', 'Custom & Import Duties'])"
                                title="Custom & Import Duties">Custom &amp; Import Duties</a>
                            <a class="footer-content__link" href="/customerservice/delivery-returns"
                                onclick="_gaq.push(['_trackEvent', 'Footer-Links-Delivery', 'click', 'Returns & Cancellations'])"
                                title="Returns & Cancellations">Returns &amp; Cancellations</a>
                            <a class="footer-content__link" href="/customerservice/delivery-damaged"
                                onclick="_gaq.push(['_trackEvent', 'Footer-Links-Delivery', 'click', 'Damaged & Wrong Goods'])"
                                title="Damaged & Wrong Goods">Damaged &amp; Wrong Goods</a>
                            <a class="footer-content__link" href="/customerservice/delivery-packaging"
                                onclick="_gaq.push(['_trackEvent', 'Footer-Links-Delivery', 'click', 'Our Packaging'])"
                                title="Our Packaging">Our Packaging</a>
                        </div>
                    </section>
                    <section class="footer-content__section footer-content__section--contact">
                        <h3 class="footer-content__title js-footer-content__title">
                            <span>Contact Us</span>
                            <i class="footer-content__expand fal fa-plus"></i>
                        </h3>
                        <div class="footer-content__list">
                            <a class="footer-content__link" href="/customerservice/contact-headoffice"
                                onclick="_gaq.push(['_trackEvent', 'Footer-Links-Contact', 'click', 'Head Office'])"
                                title="Head Office">Head Office</a>
                            <a class="footer-content__link" href="/customerservice/contact-phone"
                                onclick="_gaq.push(['_trackEvent', 'Footer-Links-Contact', 'click', 'Order By Phone'])"
                                title="Order By Phone">Order By Phone</a>
                            <a class="footer-content__link" href="/customerservice/contact-trade"
                                onclick="_gaq.push(['_trackEvent', 'Footer-Links-Contact', 'click', 'Trade Enquiries'])"
                                title="Trade Enquiries">Trade Enquiries</a>
                            <a class="footer-content__link" href="/customerservice/contact-press"
                                onclick="_gaq.push(['_trackEvent', 'Footer-Links-Contact', 'click', 'Press Enquiries'])"
                                title="Press Enquiries">Press Enquiries</a>
                            <a class="footer-content__link" href="/customerservice/contact-shop"
                                onclick="_gaq.push(['_trackEvent', 'Footer-Links-Contact', 'click', 'Central London Shops'])"
                                title="Central London Shops">Central London Shops</a>
                        </div>
                    </section>
                    <section class="footer-content__section footer-content__section--about">
                        <h3 class="footer-content__title js-footer-content__title">
                            <span>About Us</span>
                            <i class="footer-content__expand fal fa-plus"></i>
                        </h3>
                        <div class="footer-content__list">
                            <a class="footer-content__link" href="/about/company"
                                onclick="_gaq.push(['_trackEvent', 'Footer-Links-About', 'click', 'Our Company'])"
                                title="Our Company">Our Company</a>
                            <a class="footer-content__link" href="/about/history"
                                onclick="_gaq.push(['_trackEvent', 'Footer-Links-About', 'click', 'Our History'])"
                                title="Our History">Our History</a>
                            <a class="footer-content__link" href="/about/events"
                                onclick="_gaq.push(['_trackEvent', 'Footer-Links-About', 'click', 'Events'])"
                                title="Events">Events</a>
                            <a class="footer-content__link" href="/about/awards"
                                onclick="_gaq.push(['_trackEvent', 'Footer-Links-About', 'click', 'Awards'])"
                                title="Awards">Awards</a>
                            <a class="footer-content__link" href="/about/trade"
                                onclick="_gaq.push(['_trackEvent', 'Footer-Links-About', 'click', 'Trade Customers'])"
                                title="Trade Customers">Trade Customers</a>
                            <a class="footer-content__link" href="/about/careers"
                                onclick="_gaq.push(['_trackEvent', 'Footer-Links-About', 'click', 'Careers'])"
                                title="Careers">Careers</a>
                        </div>
                    </section>
                    <section class="footer-content__section footer-content__section--shops">
                        <h3 class="footer-content__title js-footer-content__title">
                            <span>Our Shops</span>
                            <i class="footer-content__expand fal fa-plus"></i>
                        </h3>
                        <div class="footer-content__list">
                            <a class="footer-content__link" href="/shops/explore"
                                onclick="_gaq.push(['_trackEvent', 'Footer-Links-Our-Shops', 'click', 'Explore Before You Visit'])"
                                title="Explore Before You Visit">Explore Before You Visit</a>
                            <a class="footer-content__link" href="/shops/greatportlandstreet"
                                onclick="_gaq.push(['_trackEvent', 'Footer-Links-Our-Shops', 'click', 'Great Portland Street Shop'])"
                                title="Great Portland Street Shop">Great Portland Street Shop</a>
                            <a class="footer-content__link" href="/shops/coventgarden"
                                onclick="_gaq.push(['_trackEvent', 'Footer-Links-Our-Shops', 'click', 'Covent Garden Shop'])"
                                title="Covent Garden Shop">Covent Garden Shop</a>
                            <a class="footer-content__link" href="/shops/londonbridge"
                                onclick="_gaq.push(['_trackEvent', 'Footer-Links-Our-Shops', 'click', 'London Bridge Shop'])"
                                title="London Bridge Shop">London Bridge Shop</a>
                        </div>
                    </section>
                    <section class="footer-content__section footer-content__section--shopping">
                        <h3 class="footer-content__title js-footer-content__title">
                            <span>Shopping With Us</span>
                            <i class="footer-content__expand fal fa-plus"></i>
                        </h3>
                        <div class="footer-content__list">
                            <a class="footer-content__link" href="/customerservice/shopping-payment"
                                onclick="_gaq.push(['_trackEvent', 'Footer-Links-Shopping', 'click', 'Payment Options'])"
                                title="Payment Options">Payment Options</a>
                            <a class="footer-content__link" href="/customerservice/shopping-order"
                                onclick="_gaq.push(['_trackEvent', 'Footer-Links-Shopping', 'click', 'Placing Your Order'])"
                                title="Placing Your Order">Placing Your Order</a>
                            <a class="footer-content__link" href="/customerservice/shopping-security"
                                onclick="_gaq.push(['_trackEvent', 'Footer-Links-Shopping', 'click', 'Security & Privacy'])"
                                title="Security & Privacy">Security &amp; Privacy</a>
                            <a class="footer-content__link" href="/customerservice/site-map"
                                onclick="_gaq.push(['_trackEvent', 'Footer-Links-Shopping', 'click', 'Site Map'])"
                                title="Site Map">Site Map</a>
                            <a class="footer-content__link" href="https://blog.thewhiskyexchange.com/"
                                onclick="_gaq.push(['_trackEvent', 'Footer-Links-Shopping', 'click', 'The Whisky Exchange Blog'])"
                                title="The Whisky Exchange Blog" target="_blank" rel="noopener">TWE Blog</a>
                        </div>
                    </section>
                    <section class="footer-content__section footer-content__section--legal">
                        <h3 class="footer-content__title js-footer-content__title">
                            <span>Legal Information</span>
                            <i class="fal fa-plus footer-content__expand"></i>
                        </h3>
                        <div class="footer-content__list">
                            <a class="footer-content__link" href="/customerservice/legal-terms"
                                onclick="_gaq.push(['_trackEvent', 'Footer-Links-Legal', 'click', 'Terms & Conditions'])"
                                title="Terms & Conditions">Terms &amp; Conditions</a>
                            <a class="footer-content__link" href="/customerservice/legal-privacy"
                                onclick="_gaq.push(['_trackEvent', 'Footer-Links-Legal', 'click', 'Privacy Policy'])"
                                title="Privacy Policy">Privacy Policy</a>
                            <a class="footer-content__link" href="/customerservice/legal-cookiepolicy"
                                onclick="_gaq.push(['_trackEvent', 'Footer-Links-Legal', 'click', 'Cookie Policy'])"
                                title="Cookie Policy">Cookie Policy</a>
                            <a class="footer-content__link" href="/customerservice/legal-antislaverypolicy"
                                onclick="_gaq.push(['_trackEvent', 'Footer-Links-Legal', 'click', 'Anti-Slavery Policy'])"
                                title="Anti-Slavery Policy">Anti-Slavery Policy</a>
                            <a class="footer-content__link" href="/customerservice/legal-disclaimer"
                                onclick="_gaq.push(['_trackEvent', 'Footer-Links-Legal', 'click', 'Disclaimer'])"
                                title="Disclaimer">Disclaimer</a>
                        </div>
                    </section>
                    <section class="footer-content__section footer-content__section--unique">
                        <h3 class="footer-content__title js-footer-content__title">
                            <span>Unique To Us</span>
                            <i class="footer-content__expand fal fa-plus"></i>
                        </h3>
                        <div class="footer-content__list">
                            <a class="footer-content__link" href="/giftcard"
                                onclick="_gaq.push(['_trackEvent', 'Footer-Links-Unique', 'click', 'eGift Cards'])"
                                title="eGift Cards">eGift Cards</a>
                            <a class="footer-content__link" href="/personalisedlabels"
                                onclick="_gaq.push(['_trackEvent', 'Footer-Links-Unique', 'click', 'Personalised Labels'])"
                                title="Personalised Labels">Personalised Labels</a>
                            <a class="footer-content__link" href="/feature/engraving"
                                onclick="_gaq.push(['_trackEvent', 'Footer-Links-Unique', 'click', 'Personalised Engraving'])"
                                title="Personalised Engraving">Personalised Engraving</a>
                            <a class="footer-content__link" href="/feature/exclusivetous"
                                onclick="_gaq.push(['_trackEvent', 'Footer-Links-Unique', 'click', 'Exclusive Bottlings'])"
                                title="Exclusive Bottlings">Exclusive Bottlings</a>
                            <a class="footer-content__link" href="/c/803/samples"
                                onclick="_gaq.push(['_trackEvent', 'Footer-Links-Unique', 'click', 'Perfect Measure Samples'])"
                                title="Perfect Measure Samples">Perfect Measure Samples</a>
                        </div>
                    </section>
                    <section class="footer-content__section footer-content__section--security">
                        <h3 class="footer-content__title js-footer-content__title">
                            <span>Safe &amp; Secure</span>
                            <i class="footer-content__expand fal fa-plus"></i>
                        </h3>
                        <div class="footer-content__list">
                            <div class="footer-content__item">
                                <h4 class="footer-content__sub-title">Identity Verified By</h4>
                                <a class="footer-content__link--verified"
                                    href="https://trustsealinfo.websecurity.norton.com/splash?form_file=fdf/splash.fdf&dn=www.thewhiskyexchange.com&lang=en"
                                    onclick="_gaq.push(['_trackEvent', 'Footer-Links-Security', 'click', 'Verisign Trusted'])"
                                    title="Verisign Trusted" target="_blank" rel="noopener">
                                    <img class="footer-content__image lazy" src=""
                                        data-original="/media/rtwe/assets/application/images/footer/icon__norton2.png?t=07042020"
                                        alt="Norton Secured Seal" width="81" height="44" />
                                </a>
                            </div>
                            <div class="footer-content__item">
                                <h4 class="footer-content__sub-title">Payment Provider</h4>
                                <img class="footer-content__image lazy" src=""
                                    data-original="/media/rtwe/assets/application/images/footer/icon__worldpay2.png?t=07042020"
                                    alt="World Pay" width="31" height="30" />
                                <img class="footer-content__image lazy" src=""
                                    data-original="/media/rtwe/assets/application/images/footer/icon__amazon2.png?t=07042020"
                                    alt="Amazon Pay" width="81" height="20" />
                            </div>
                            <div class="footer-content__item">
                                <h4 class="footer-content__sub-title">We Accept</h4>
                                <img class="footer-content__image lazy" src=""
                                    data-original="/media/rtwe/assets/application/images/footer/icon__payment-visa.png?t=07042020"
                                    alt="Visa" width="34" height="23" />
                                <img class="footer-content__image lazy" src=""
                                    data-original="/media/rtwe/assets/application/images/footer/icon__payment-mastercard.png?t=07042020"
                                    alt="Mastercard" width="34" height="23" />
                                <img class="footer-content__image lazy" src=""
                                    data-original="/media/rtwe/assets/application/images/footer/icon__payment-american.png?t=07042020"
                                    alt="American Express" width="34" height="23" />
                                <img class="footer-content__image lazy" src=""
                                    data-original="/media/rtwe/assets/application/images/footer/icon__payment-paypal.png?t=07042020"
                                    alt="PayPal" width="34" height="23" />
                            </div>
                        </div>
                    </section>
                    <section class="footer-content__section footer-content__section--social">
                        <h3 class="footer-content__title js-footer-content__title">
                            <span>Keep In Touch</span>
                            <i class="footer-content__expand fal fa-plus"></i>
                        </h3>
                        <div class="footer-content__list">
                            <div class="footer-content__item">
                                <h4 class="footer-content__sub-title">Social</h4>
                                <div class="footer-content__social-container">
                                    <a class="footer-content__social-link"
                                        href="https://www.facebook.com/thewhiskyexchange"
                                        onclick="_gaq.push(['_trackEvent', 'Footer-Links-Social', 'click', 'The Whisky Exchange Facebook'])"
                                        target="_blank" rel="noopener" title="The Whisky Exchange Facebook">
                                        <i class="fab fa-facebook-square"></i>
                                    </a>
                                    <a class="footer-content__social-link" href="https://twitter.com/WhiskyExchange"
                                        onclick="_gaq.push(['_trackEvent', 'Footer-Links-Social', 'click', 'The Whisky Exchange Twitter'])"
                                        target="_blank" rel="noopener" title="The Whisky Exchange Twitter">
                                        <i class="fab fa-twitter-square"></i>
                                    </a>
                                    <a class="footer-content__social-link"
                                        href="https://www.instagram.com/whiskyexchange/"
                                        onclick="_gaq.push(['_trackEvent', 'Footer-Links-Social', 'click', 'The Whisky Exchange Instagram'])"
                                        target="_blank" rel="noopener" title="The Whisky Exchange Instagram">
                                        <i class="fab fa-instagram-square"></i>
                                    </a>
                                    <a class="footer-content__social-link"
                                        href="https://www.youtube.com/c/whiskyexchange"
                                        onclick="_gaq.push(['_trackEvent', 'Footer-Links-Social', 'click', 'The Whisky Exchange Youtube'])"
                                        target="_blank" rel="noopener" title="The Whisky Exchange Youtube">
                                        <i class="fab fa-youtube-square"></i>
                                    </a>
                                </div>
                            </div>
                            <div class="footer-content__item">
                                <h4 class="footer-content__sub-title">Reviews</h4>
                                <a class="footer-content__link" href="/about/reviews/"
                                    onclick="_gaq.push(['_trackEvent', 'Footer-Links-Reviews', 'click', 'The Whisky Exchange Trust Pilot Reviews'])"
                                    title="The Whisky Exchange Trust Pilot Reviews">
                                    <img class="footer-content__image lazy" src=""
                                        data-original="/media/rtwe/assets/application/images/footer/trust-pilot.png"
                                        alt="Trust Pilot" width="78" height="19">
                                    <br />
                                    <img class="footer-content__image lazy" src=""
                                        data-original="/media/rtwe/assets/application/images/footer/stars.png"
                                        alt="Trust Pilot" width="68" height="12">
                                    <p class="footer-content__copy footer-content__copy--alt"><strong>44197</strong>
                                        Reviews</p>
                                    <p class="footer-content__copy">Rated excellent by our customers</p>
                                </a>
                            </div>
                        </div>
                    </section>
                </div>
            </div>
            <div class="footer-copyright">
                <p class="footer-copyright__drinkaware">
                    Enjoy responsibly
                    <br>
                    <a class="footer-copyright__drinkaware-link" href="https://www.drinkaware.co.uk/"
                        title="www.drinkaware.co.uk" target="_blank" rel="noopener">drinkaware.co.uk</a>
                </p>
                <p class="footer-copyright__text">
                    Copyright &copy; The Whisky Exchange 1999-2023. All Rights&nbsp;Reserved.
                    <br>
                    The Whisky Exchange is the registered trademark of Speciality Drinks&nbsp;Limited.
                    <br>
                    Registered in England and Wales (Company No. 4449145). Registered Office: Elixir House, Whitby
                    Avenue, Park Royal, London NW10 7SF,&nbsp;UK.
                </p>
            </div>
        </footer>


        <a href="#" id="tweScrollTop" title="Scroll to top">
            <span class="text">Scroll To Top</span> <span class="icon"><i class="fa fa-chevron-up"></i></span>
        </a>

    </div>
    <div class="modal-container js-twe__modals"></div>
    <div id="mobile-navbar"
        data-navigation='[ { "name": "New In &amp; Offers", "link": "/new-in-and-offers" ,"children": [ { "name": "New In & Offers", "link": "/new-in-and-offers" }, { "name": "New In", "link": "#" ,"children": [ { "name": "New Products", "link": "/new-products" }, { "name": "New Whisky", "link": "/new-products/standard-whisky/" }, { "name": "New Spirits & Liqueurs", "link": "/new-products/spirits-and-liqueurs/" }, { "name": "New Champagne, Wine & Beer", "link": "/new-products/champagne-wine-and-beer/" }, { "name": "New Miniatures & Samples", "link": "/new-products/miniatures-and-samples" }, { "name": "Our Whisky Book", "link": "/p/61498/everything-you-need-to-know-about-whisky" }] }, { "name": "Special Offers", "link": "#" ,"children": [ { "name": "All Offers", "link": "/specialoffers" }, { "name": "Bin Ends", "link": "/d/429/bin-ends" }, { "name": "Whisky Offers", "link": "/specialoffers/whisky#productlist-filter" }, { "name": "Spirits Offers", "link": "/specialoffers/spirits#productlist-filter" }, { "name": "Champagne Offers", "link": "/specialoffers/champagne#productlist-filter" }] }, { "name": "Inspire Me", "link": "#" ,"children": [ { "name": "Whisky of the Year", "link": "/feature/whiskyoftheyear" }, { "name": "Rum of the Year", "link": "/feature/rumoftheyear" }, { "name": "Gin of the Year", "link": "/feature/ginoftheyear" }, { "name": "Rising Star", "link": "/feature/risingstar" }, { "name": "Collections", "link": "/d/735/drinks-gift-collections" }, { "name": "Wine Cases", "link": "/d/793/wine-cases" }] }, { "name": "Whisky of the Month", "link": "/productsofthemonth" }, { "name": "Spirit of the month", "link": "/productsofthemonth" }, { "name": "Wine of the month", "link": "/productsofthemonth" }, { "name": "Drink Sustainably", "link": "/drinksustainably" }, { "name": "Blog", "link": "https://blog.thewhiskyexchange.com" ,"target": "_blank" }] }, { "name": "Gift Ideas", "link": "/gift-ideas" ,"children": [ { "name": "Gift Ideas", "link": "/gift-ideas" }, { "name": "Gifts by Recipient", "link": "#" ,"children": [ { "name": "Gifts for the Connoisseur", "link": "/d/929/for-the-connoisseur" }, { "name": "Romantic Gifts", "link": "/d/922/romantic-gifts" }, { "name": "Corporate Gifts", "link": "/d/797/corporate-gifts" }] }, { "name": "Popular Gifts", "link": "#" ,"children": [ { "name": "Gifts Under £25", "link": "/d/696/gifts-under-25" }, { "name": "Gifts Under £50", "link": "/d/698/gifts-under-50" }, { "name": "Gifts Under £100", "link": "/d/699/gifts-under-100" }, { "name": "Luxury Gifts", "link": "/d/552/luxury-spirits-gifts" }] }, { "name": "Inspire Me", "link": "#" ,"children": [ { "name": "eGift Card", "link": "/giftcard" }, { "name": "Champagne & Wine Gifts", "link": "/d/659/champagne-and-wine-gifts" }, { "name": "Chocolates & Treats", "link": "/c/519/chocolate-popcorn-and-treats" }, { "name": "Drinks Gift Collections", "link": "/d/735/drinks-gift-collections" }, { "name": "Gift Boxes", "link": "/c/588/gift-boxes" }, { "name": "Top 10 Whiskies", "link": "/d/872/top-10-whiskies" }, { "name": "Spirits Gifts", "link": "/giftsets/spirits" }, { "name": "Whisky Gifts", "link": "/giftsets/whisky" }, { "name": "20 Whiskies Tasting Set", "link": "/p/59957/20-whiskies-that-changed-the-world-tasting-set-20x3cl" }] }, { "name": "Gifts by Occasion", "link": "#" ,"children": [ { "name": "Wedding Gifts", "link": "/d/796/wedding-gifts" }, { "name": "Wedding Favours", "link": "/d/795/wedding-favours" }, { "name": "Birthdays & Anniversaries", "link": "/whisky/birthday-and-anniversary" }] }, { "name": "Personalised Engraving", "link": "/feature/engraving" }, { "name": "Personalised Labels", "link": "/personalisedlabels" }, { "name": "Gift Sets", "link": "/giftsets" }, { "name": "Drink Sustainably", "link": "/drinksustainably" }, { "name": "Perfect Measure Sets", "link": "/c/828/sample-gift-sets" }, { "name": "Cocktail recipes", "link": "/cocktails" }] }, { "name": "Scotch Whisky", "link": "/scotch-whisky" ,"children": [ { "name": "Scotch Whisky", "link": "/scotch-whisky" }, { "name": "Shop by Type", "link": "#" ,"children": [ { "name": "Single Malt Whisky", "link": "/c/40/single-malt-scotch-whisky" ,"children": [ { "name": "All Single Malt Whisky", "link": "/c/40/single-malt-scotch-whisky" }, { "name": "Campbeltown", "link": "/c/316/campbeltown-single-malt-scotch-whisky" }, { "name": "Highland", "link": "/c/313/highland-single-malt-scotch-whisky" }, { "name": "Island", "link": "/c/315/island-single-malt-scotch-whisky" }, { "name": "Islay", "link": "/c/50/islay-single-malt-scotch-whisky" }, { "name": "Lowland", "link": "/c/312/lowland-single-malt-scotch-whisky" }, { "name": "Speyside", "link": "/c/314/speyside-single-malt-scotch-whisky" }] }, { "name": "Blended Whisky", "link": "/c/304/blended-scotch-whisky" }, { "name": "Blended Malt", "link": "/c/309/blended-malt-scotch-whisky" }, { "name": "Grain Whisky", "link": "/c/310/grain-scotch-whisky" }, { "name": "Organic Whisky", "link": "/d/677/organic-whisky" }, { "name": "Distillery Bottlings", "link": "/c/40/single-malt-scotch-whisky?bottler=Distillery%2bBottling" }, { "name": "Independent Bottlings", "link": "/c/40/single-malt-scotch-whisky?bottler=Independent%2bBottling" }] }, { "name": "Shop by Flavour", "link": "#" ,"children": [ { "name": "All Whisky by Flavour", "link": "/feature/whiskybyflavour" }, { "name": "Dried Fruit and Nut", "link": "/d/738/dried-fruit-and-nut" }, { "name": "Elegant and Floral", "link": "/d/740/elegant-and-floral" }, { "name": "Fresh Fruit and Vanilla", "link": "/d/741/fresh-fruit-and-vanilla" }, { "name": "Malt and Honey", "link": "/d/742/malt-and-honey" }, { "name": "Maritime and Smoky", "link": "/d/743/maritime-and-smoky" }, { "name": "Peat and Fruit", "link": "/d/744/peat-and-fruit" }, { "name": "Rich and Peaty", "link": "/d/745/rich-and-peaty" }, { "name": "Rich Fruit and Spice", "link": "/d/746/rich-fruit-and-spice" }] }, { "name": "Shop by Brand", "link": "#" ,"children": [ { "name": "Arran", "link": "/b/40/arran-single-malt-scotch-whisky" }, { "name": "Balvenie", "link": "/b/40/balvenie-single-malt-scotch-whisky" }, { "name": "Bunnahabhain", "link": "/b/40/bunnahabhain-single-malt-scotch-whisky" }, { "name": "Edradour", "link": "/b/40/edradour-single-malt-scotch-whisky" }, { "name": "Glenallachie", "link": "/b/40/glenallachie-single-malt-scotch-whisky" }, { "name": "Glenfiddich", "link": "/b/40/glenfiddich-single-malt-scotch-whisky" }, { "name": "Highland Park", "link": "/b/40/highland-park-single-malt-scotch-whisky" }, { "name": "Lagavulin", "link": "/b/40/lagavulin-single-malt-scotch-whisky" }, { "name": "Ledaig", "link": "/b/40/ledaig-single-malt-scotch-whisky" }, { "name": "Octomore", "link": "/b/40/octomore-single-malt-scotch-whisky" }, { "name": "See all brands ", "link": "/brands/scotchwhisky" }] }, { "name": "Inspire Me", "link": "#" ,"children": [ { "name": "Personalised Labels", "link": "/personalisedlabels" }, { "name": "Perfect Measure Sets", "link": "/c/828/sample-gift-sets" }, { "name": "Lost Distilleries", "link": "/d/890/lost-distilleries" }, { "name": "Scotch Whisky Gifts", "link": "/d/656/scotch-whisky-gifts" }, { "name": "Birthdays & Anniversaries", "link": "/whisky/birthday-and-anniversary" }, { "name": "Scotch Whisky Decanters", "link": "/c/306/scotch-whisky-decanters" }, { "name": "Whisky Books", "link": "/c/423/whisky-books" }, { "name": "Whisky of the Year", "link": "/feature/whiskyoftheyear" }, { "name": "Highland Nectar", "link": "/p/63022/highland-nectar-scotch-whisky-liqueur" }] }, { "name": "A-Z Of Scotch Whisky", "link": "/brands/scotchwhisky" }, { "name": "New Scotch Whisky", "link": "/new-products/standard-whisky" }, { "name": "Special Offers", "link": "/specialoffers/whisky" }, { "name": "Exclusive Bottlings", "link": "/exclusive-to-us" }, { "name": "Top 10 Whiskies", "link": "/d/872/top-10-whiskies" }, { "name": "20 Whiskies Tasting Set", "link": "/p/59957/20-whiskies-that-changed-the-world-tasting-set-20x3cl" }, { "name": "Drink Sustainably", "link": "/drinksustainably" }] }, { "name": "World Whisky", "link": "/world-whisky" ,"children": [ { "name": "World Whisky", "link": "/world-whisky" }, { "name": "Shop by Type", "link": "#" ,"children": [ { "name": "American Whiskey", "link": "/c/33/american-whiskey" ,"children": [ { "name": "All American Whiskey", "link": "/c/33/american-whiskey" }, { "name": "Bourbon", "link": "/c/639/bourbon-whiskey" }, { "name": "Corn", "link": "/c/637/corn-american-whiskey" }, { "name": "Malt", "link": "/c/784/american-malt-whiskey" }, { "name": "Rye", "link": "/c/328/rye-american-whiskey" }, { "name": "Tennessee", "link": "/c/327/tennessee-whiskey" }, { "name": "Wheat", "link": "/c/638/wheat-american-whiskey" }, { "name": "White Dog", "link": "/c/640/white-dog-american-whiskey" }, { "name": "Other American", "link": "/c/498/other-american-whiskey" }] }, { "name": "Canadian Whisky", "link": "/c/34/canadian-whisky" }, { "name": "Indian Whisky", "link": "/c/317/indian-whisky" }, { "name": "Japanese Whisky", "link": "/c/35/japanese-whisky" }, { "name": "Irish Whiskey", "link": "/c/32/irish-whiskey" ,"children": [ { "name": "All Irish Whiskey", "link": "/c/32/irish-whiskey" }, { "name": "Blended", "link": "/c/321/blended-irish-whiskey" }, { "name": "Single Grain", "link": "/c/323/single-grain-irish-whiskey" }, { "name": "Single Malt", "link": "/c/320/single-malt-irish-whiskey" }, { "name": "Single Pot Still", "link": "/c/322/single-pot-still-irish-whiskey" }] }, { "name": "English Whisky", "link": "/c/493/english-whisky" }, { "name": "Taiwanese Whisky", "link": "/c/540/taiwanese-whisky" }, { "name": "Organic Whisky", "link": "/d/677/organic-whisky" }, { "name": "Malt Spirits", "link": "/c/517/malt-spirits" }, { "name": "Rest of the World", "link": "/c/305/rest-of-the-world-whisky" ,"children": [ { "name": "Rest of the World", "link": "/c/305/rest-of-the-world-whisky" }, { "name": "Australian", "link": "/c/453/australian-whisky" }, { "name": "Blends", "link": "/c/1107/blends" }, { "name": "Belgian", "link": "/c/839/belgian-whisky" }, { "name": "Czech", "link": "/c/523/czech-whisky" }, { "name": "Danish", "link": "/c/733/danish-whisky" }, { "name": "Dutch", "link": "/c/481/dutch-whisky" }, { "name": "Finnish", "link": "/c/520/finnish-whisky" }, { "name": "French", "link": "/c/477/french-whisky" }, { "name": "German", "link": "/c/610/german-whisky" }, { "name": "Israeli", "link": "/c/921/israeli-whisky" }, { "name": "New Zealand", "link": "/c/318/new-zealand-whisky" }, { "name": "Mexican", "link": "/c/1062/mexican-whisky" }, { "name": "Norwegian", "link": "/c/1150/norwegian-whisky" }, { "name": "South African", "link": "/c/516/south-african-whisky" }, { "name": "Spanish", "link": "/c/652/spanish-whisky" }, { "name": "Swedish", "link": "/c/329/swedish-whisky" }, { "name": "Swiss", "link": "/c/755/swiss-whisky" }, { "name": "Welsh", "link": "/c/319/welsh-whisky" }] }] }, { "name": "Shop by Brand", "link": "#" ,"children": [ { "name": "Amrut", "link": "/b/305/amrut-rest-of-the-world-whisky" }, { "name": "Hibiki", "link": "/b/35/suntory-hibiki-japanese-whisky" }, { "name": "Jack Daniel&apos;s", "link": "/b/33/jack-daniels-american-whiskey" }, { "name": "Kavalan", "link": "/b/305/kavalan-rest-of-the-world-whisky" }, { "name": "Maker&apos;s Mark", "link": "/b/33/makers-mark-american-whiskey" }, { "name": "Miyagikyo", "link": "/b/35/miyagikyo-japanese-whisky" }, { "name": "Nikka", "link": "/b/305/nikka-rest-of-the-world-whisky" }, { "name": "Redbreast", "link": "/b/32/redbreast-irish-whiskey" }, { "name": "Teeling", "link": "/b/32/teeling-irish-whiskey" }, { "name": "Woodford Reserve", "link": "/b/33/woodford-reserve-american-whiskey" }, { "name": "Yamazaki", "link": "/b/35/yamazaki-japanese-whisky" }, { "name": "Yoichi", "link": "/b/35/yoichi-japanese-whisky" }, { "name": "See all brands ", "link": "/brands/worldwhisky" }] }, { "name": "Inspire Me", "link": "#" ,"children": [ { "name": "Perfect Measure Sets", "link": "/c/828/sample-gift-sets" }, { "name": "Whisky by Flavour", "link": "/feature/whiskybyflavour" }, { "name": "World Whisky Gifts", "link": "/d/657/world-whisky-gifts" }, { "name": "Birthdays & Anniversaries", "link": "/whisky/birthday-and-anniversary" }] }, { "name": "A-Z of World Whisky", "link": "/brands/worldwhisky" }, { "name": "New Whisky", "link": "/new-products/standard-whisky" }, { "name": "Special Offers", "link": "/specialoffers/whisky" }, { "name": "Exclusive Bottlings", "link": "/exclusive-to-us" }, { "name": "Top 10 Whiskies", "link": "/d/872/top-10-whiskies" }, { "name": "20 Whiskies Tasting Set", "link": "/p/59957/20-whiskies-that-changed-the-world-tasting-set-20x3cl" }, { "name": "Our Whisky Book", "link": "/p/61498/everything-you-need-to-know-about-whisky" }] }, { "name": "Spirits &amp; Liqueurs", "link": "/spirits-and-liqueurs" ,"children": [ { "name": "Spirits &amp; Liqueurs", "link": "/spirits-and-liqueurs" }, { "name": "Shop by Spirit", "link": "#" ,"children": [ { "name": "Cognac", "link": "/c/351/cognac" ,"children": [ { "name": "All Cognac", "link": "/c/351/cognac" }, { "name": "VS", "link": "/c/352/vs-cognac" }, { "name": "VSOP", "link": "/c/354/vsop-cognac" }, { "name": "XO and Napoléon", "link": "/c/433/xo-and-napoleon-cognac" }, { "name": "Special Cuvée", "link": "/c/432/special-cuvee-cognac" }, { "name": "Vintage", "link": "/c/628/vintage-cognac" }, { "name": "Prestige", "link": "/c/353/prestige-cognac" }] }, { "name": "Armagnac", "link": "/c/355/armagnac" ,"children": [ { "name": "All Armagnac", "link": "/c/355/armagnac" }, { "name": "Cuvée", "link": "/c/356/cuvee-armagnac" }, { "name": "Vintage", "link": "/c/357/vintage-armagnac" }] }, { "name": "Calvados/Cider Brandy", "link": "/c/369/calvados-and-cider-brandy" }, { "name": "Brandy/Marc", "link": "/c/367/brandy-marc-and-korn" }, { "name": "Vodka", "link": "/c/335/vodka" ,"children": [ { "name": "All Vodka", "link": "/c/335/vodka" }, { "name": "Plain", "link": "/c/336/plain-vodka" }, { "name": "Flavoured", "link": "/c/337/flavoured-vodka" }] }, { "name": "Organic Spirits", "link": "/d/676/organic-spirits" }, { "name": "Rum", "link": "/c/339/rum" ,"children": [ { "name": "All Rum", "link": "/c/339/rum" }, { "name": "White", "link": "/c/340/white-rum" }, { "name": "Golden", "link": "/c/518/golden-rum" }, { "name": "Dark", "link": "/c/342/dark-rum" }, { "name": "Spiced/Flavoured", "link": "/c/589/spicedflavoured-rum" }] }, { "name": "Single Rum", "link": "#" ,"children": [ { "name": "Modernist", "link": "/c/966/single-modernist-rum" }, { "name": "Traditional Pot", "link": "/c/968/single-traditional-pot-rum" }, { "name": "Traditional Column", "link": "/c/963/single-traditional-column-rum" }, { "name": "Traditional Blended", "link": "/c/965/single-traditional-blended-rum" }] }, { "name": "Blended Rum", "link": "#" ,"children": [ { "name": "Modernist", "link": "/c/967/blended-modernist-rum" }, { "name": "Traditionalist", "link": "/c/964/blended-traditionalist-rum" }] }, { "name": "Rum By Flavour", "link": "/feature/rumbyflavour" }, { "name": "Cachaca", "link": "/c/368/cachaca" }, { "name": "Aguardiente", "link": "/c/931/aguardiente" }, { "name": "Gin", "link": "/c/338/gin" ,"children": [ { "name": "All Gin", "link": "/c/338/gin" }, { "name": "London Dry Gin", "link": "/c/692/london-dry-gin" }, { "name": "Old Tom Gin", "link": "/c/854/old-tom-gin" }, { "name": "English Gin", "link": "/c/862/english-gin" }, { "name": "Scottish Gin", "link": "/c/853/scottish-gin" }, { "name": "World Gin", "link": "/c/855/world-gin" }, { "name": "Flavoured Gin Liqueurs", "link": "/c/693/flavoured-gin-liqueurs" }, { "name": "Sloe Gin", "link": "/c/691/sloe-gin" }] }, { "name": "Jenever", "link": "/c/623/jenever" }, { "name": "Tequila", "link": "/c/359/tequila" ,"children": [ { "name": "All Tequila", "link": "/c/359/tequila" }, { "name": "Blanco", "link": "/c/360/blanco-tequila" }, { "name": "Reposado", "link": "/c/361/reposado-tequila" }, { "name": "Añejo", "link": "/c/362/anejo-tequila" }, { "name": "Extra Añejo", "link": "/c/438/extra-anejo-tequila" }, { "name": "Flavoured", "link": "/c/1140/flavoured-tequila" }] }, { "name": "Mezcal", "link": "/c/363/mezcal" }, { "name": "Raicilla/Sotol", "link": "/c/364/raicilla-sotol-and-other-agave-spirits" }, { "name": "Absinthe", "link": "/c/358/absinthe" }, { "name": "Aquavit", "link": "/c/643/aquavit" }, { "name": "Arrack", "link": "/c/899/arrack" }, { "name": "Baijiu", "link": "/c/614/baijiu" }, { "name": "Botanical Spirit", "link": "/c/912/botanical-spirits" }, { "name": "Eau De Vie", "link": "/c/370/eau-de-vie" }, { "name": "Grappa", "link": "/c/371/grappa" }, { "name": "Pastis", "link": "/c/1027/pastis" }, { "name": "Pisco", "link": "/c/375/pisco" }, { "name": "Poteen", "link": "/c/376/poteen" }, { "name": "Raki", "link": "/c/521/raki" }, { "name": "Shochu", "link": "/c/377/shochu" }, { "name": "Soju", "link": "/c/582/soju" }, { "name": "Thai Spirit", "link": "/c/463/thai-spirit" }, { "name": "Vermouth/Aperitif", "link": "/c/365/vermouths-and-aperitifs" }] }, { "name": "Liqueurs", "link": "#" ,"children": [ { "name": "All Liqueurs", "link": "/c/343/liqueurs" }, { "name": "Chocolate and Coffee Liqueurs", "link": "/c/866/chocolate-and-coffee-liqueurs" }, { "name": "Cream Liqueurs", "link": "/c/347/cream-liqueurs" }, { "name": "Fruit Liqueurs", "link": "/c/344/fruit-liqueurs" }, { "name": "Herb Liqueurs", "link": "/c/346/herb-liqueurs" }, { "name": "Nut Liqueurs", "link": "/c/1063/nut-liqueurs" }, { "name": "Whisky Liqueurs", "link": "/c/311/whisky-liqueurs" }, { "name": "Other Liqueurs", "link": "/c/435/other-liqueurs" }] }, { "name": "Inspire Me", "link": "#" ,"children": [ { "name": "Los Siete Mezcal", "link": "/search?q=los%20siete" }, { "name": "Personalised Gin", "link": "/personalisedlabels/gin" }, { "name": "Perfect Measure Sets", "link": "/c/828/sample-gift-sets" }, { "name": "Spirits Gifts", "link": "/giftpacks/spirits" }, { "name": "Vermouth", "link": "/p/14383/cocchi-vermouth-di-torino" }] }, { "name": "A-Z of Spirits", "link": "/brands/spirits" }, { "name": "New Spirits", "link": "/new-products/spirits-and-liqueurs" }, { "name": "Special Offers", "link": "/specialoffers/spirits" }, { "name": "Exclusive Bottlings", "link": "/exclusive-to-us" }, { "name": "Cocktail recipes", "link": "/cocktails" }, { "name": "Top 10 Gins", "link": "/d/874/top-10-gins" }, { "name": "Top 10 Rums", "link": "/d/873/top-10-rums" }, { "name": "Top 10 Cognacs", "link": "/d/871/top-10-cognacs" }, { "name": "Top 10 Liqueurs", "link": "/d/875/top-10-liqueurs" }, { "name": "Top 10 Vermouths", "link": "/d/909/top-10-vermouths" }] }, { "name": "Wine &amp; Champagne", "link": "/wine-and-champagne" ,"children": [ { "name": "Wine & Champagne", "link": "/wine-and-champagne" }, { "name": "Shop by Type", "link": "#" ,"children": [ { "name": "Champagne & Sparkling Wine", "link": "/c/330/champagne-sparkling-wine" ,"children": [ { "name": "All Champagne & Sparkling Wine", "link": "/c/330/champagne-sparkling-wine" }, { "name": "Non-Vintage Champagne", "link": "/c/331/non-vintage-champagne" }, { "name": "Vintage Champagne", "link": "/c/332/vintage-champagne" }, { "name": "Rosé Champagne", "link": "/c/333/rose-champagne" }, { "name": "Prosecco", "link": "/c/611/prosecco" }, { "name": "Rosé Sparkling Wine", "link": "/c/730/rose-sparkling-wine" }, { "name": "World Sparkling Wine", "link": "/c/581/world-sparkling-wine" }] }, { "name": "Biodynamic / Organic Champagne", "link": "/d/800/biodynamic-and-organic-champagne" }, { "name": "Tonic Wine & Fruit Wine", "link": "/c/618/tonic-wine-mead-and-fruit-wine" }, { "name": "Still Wine", "link": "/c/644/still-wine" ,"children": [ { "name": "All Still Wine", "link": "/c/644/still-wine" }, { "name": "White Wine", "link": "/c/1094/white-wine" }, { "name": "Red Wine", "link": "/c/465/red-wine" }, { "name": "Rosé Wine", "link": "/c/1093/rose-wine" }, { "name": "Orange Wine", "link": "/c/1095/orange-wine" }, { "name": "Sweet Wine", "link": "/c/710/sweet-wine" }, { "name": "Wine Cases", "link": "/c/1064/wine-cases" }] }, { "name": "Fortified Wine", "link": "/c/378/fortified-wine" ,"children": [ { "name": "All Fortified Wine", "link": "/c/378/fortified-wine" }, { "name": "Port", "link": "/c/380/port" }, { "name": "Sherry", "link": "/c/379/sherry" }, { "name": "Madeira", "link": "/c/381/madeira" }, { "name": "Marsala", "link": "/c/617/marsala" }, { "name": "Pineau des Charentes, Floc and Ratafia", "link": "/c/626/pineau-des-charentes-floc-and-ratafia" }] }] }, { "name": "Inspire Me", "link": "#" ,"children": [ { "name": "Wine Cases", "link": "/d/793/wine-cases" }, { "name": "Wine and Champagne Gifts", "link": "/d/659/champagne-and-wine-gifts" }, { "name": "Non-Dosage Champagne", "link": "/c/330/champagne-sparkling-wine?style=Brut%2bNature" }] }, { "name": "A-Z of Wine & Champagne", "link": "/brands/champagne-and-wine" }, { "name": "New Wine & Champagne", "link": "/new-products/champagne-wine-and-beer" }, { "name": "Special Offers", "link": "/specialoffers/champagne" }, { "name": "Top 10 Wines", "link": "/d/978/top-10-wines" }, { "name": "Top 10 Champagnes", "link": "/d/884/top-10-champagnes" }, { "name": "Top 10 Ports", "link": "/d/870/top-10-ports" }, { "name": "Cocktail recipes", "link": "/cocktails" }] }, { "name": "Old &amp; Rare", "link": "/oldandrare" ,"children": [ { "name": "Old & Rare", "link": "/oldandrare" }, { "name": "Old & Rare Scotch Whisky", "link": "#" ,"children": [ { "name": "Single Malt Scotch Whisky", "link": "/c/40/single-malt-scotch-whisky?bottlingstatus=Discontinued" }, { "name": "Islay", "link": "/c/40/single-malt-scotch-whisky?bottlingstatus=Discontinued&subcategory=Islay" }, { "name": "Indie Bottlings", "link": "/c/40/single-malt-scotch-whisky?bottler=Independent%2bBottling&bottlingstatus=Discontinued" }, { "name": "Under £1,000", "link": "/c/40/single-malt-scotch-whisky?bottlingstatus=Discontinued&price=%257b%2522min%2522%253a%252210.00%2522%252c%2522max%2522%253a%25221000.00%2522%257d" }, { "name": "Over £1,000", "link": "/c/40/single-malt-scotch-whisky?bottlingstatus=Discontinued&price=%257b%2522min%2522%253a%25221000.00%2522%252c%2522max%2522%253a%2522150000.00%2522%257d" }] }, { "name": "Old & Rare World Whisky", "link": "#" ,"children": [ { "name": "Japanese Whisky", "link": "/c/35/japanese-whisky?bottlingstatus=Discontinued" }, { "name": "American Whiskey", "link": "/c/33/american-whiskey?bottlingstatus=Discontinued" }, { "name": "Irish Whiskey", "link": "/c/32/irish-whiskey?bottlingstatus=Discontinued" }, { "name": "Canadian Whisky", "link": "/c/34/canadian-whisky?bottlingstatus=Discontinued" }, { "name": "Rest of the World", "link": "/c/305/rest-of-the-world-whisky?bottlingstatus=Discontinued" }] }, { "name": "Old & Rare Brandy", "link": "#" ,"children": [ { "name": "Cognac", "link": "/c/351/cognac?bottlingstatus=Discontinued" }, { "name": "Vintage Cognac", "link": "/c/351/cognac?bottlingstatus=Discontinued&subcategory=Vintage" }, { "name": "Cognac under £250", "link": "/c/351/cognac?bottlingstatus=Discontinued&price=%7b%22min%22%3a%2210.00%22%2c%22max%22%3a%22250.00%22%7d" }, { "name": "Cognac under £1,000", "link": "/c/351/cognac?bottlingstatus=Discontinued&price=%7b%22min%22%3a%2210.00%22%2c%22max%22%3a%221000.00%22%7d" }, { "name": "Cognac over £1,000", "link": "/c/351/cognac?bottlingstatus=Discontinued&price=%7b%22min%22%3a%221000%22%2c%22max%22%3a%2230000.00%22%7d" }, { "name": "Armagnac", "link": "/c/355/armagnac?bottlingstatus=Discontinued" }, { "name": "Vintage Armagnac", "link": "/c/355/armagnac?bottlingstatus=Discontinued&subcategory=Vintage" }, { "name": "Calvados", "link": "/c/369/calvados-and-cider-brandy?bottlingstatus=Discontinued" }, { "name": "Brandy", "link": "/c/367/brandy-marc-and-korn?bottlingstatus=Discontinued" }] }, { "name": "Old & Rare Spirits", "link": "#" ,"children": [ { "name": "Gin", "link": "/c/338/gin?bottlingstatus=Discontinued" }, { "name": "Rum", "link": "/c/339/rum?bottlingstatus=Discontinued" }, { "name": "Chartreuse", "link": "/c/343/liqueurs?brand=Chartreuse&bottlingstatus=Discontinued" }, { "name": "Liqueurs", "link": "/c/343/liqueurs?bottlingstatus=Discontinued" }, { "name": "Tequila", "link": "/c/359/tequila?bottlingstatus=Discontinued" }, { "name": "Pastis", "link": "/c/1027/pastis?bottlingstatus=Discontinued" }, { "name": "Vodka", "link": "/c/335/vodka?bottlingstatus=Discontinued" }, { "name": "Grappa", "link": "/c/371/grappa?bottlingstatus=Discontinued" }] }, { "name": "Rare Vermouth & Aperitifs", "link": "#" ,"children": [ { "name": "Vermouth & Aperitifs", "link": "/c/365/vermouths-and-aperitifs?bottlingstatus=Discontinued" }, { "name": "Campari", "link": "/c/365/vermouths-and-aperitifs?brand=Campari&bottlingstatus=Discontinued" }, { "name": "Fernet", "link": "/c/365/vermouths-and-aperitifs?bottlingstatus=Discontinued&type=Fernet" }, { "name": "Cinzano", "link": "/c/365/vermouths-and-aperitifs?brand=Cinzano&bottlingstatus=Discontinued" }, { "name": "Antica Formula", "link": "/c/365/vermouths-and-aperitifs?brand=Antica%2BFormula%2cAntica&bottlingstatus=Discontinued" }] }, { "name": "Fine Wine & Champagne", "link": "#" ,"children": [ { "name": "Champagne", "link": "/c/330/champagne-sparkling-wine?bottlingstatus=Discontinued" }, { "name": "Fortified Wine", "link": "/c/378/fortified-wine?bottlingstatus=Discontinued" }] }, { "name": "Latest Old & Rare", "link": "/new-products/old-and-rare-whisky" }, { "name": "Lost Distilleries", "link": "/d/890/lost-distilleries" }, { "name": "Top 10 Old & Rare", "link": "/d/1110/top-10-old-and-rare" }, { "name": "Old & Rare Sets", "link": "/c/828/sample-gift-sets?bottlingstatus=Discontinued" }, { "name": "Old & Rare Samples", "link": "/c/803/samples?bottlingstatus=Discontinued" }, { "name": "Sell Your Bottle", "link": "/wanted" }] }, { "name": "Beer &amp; Sake", "link": "/beer-and-sake" ,"children": [ { "name": "Beer & Sake", "link": "/beer-and-sake" }, { "name": "Shop by Beer & Cider", "link": "#" ,"children": [ { "name": "All Beer", "link": "/c/503/beer" }, { "name": "Ale", "link": "/c/786/ale" ,"children": [ { "name": "All Ale", "link": "/c/786/ale" }, { "name": "Pale Ale", "link": "/c/503/beer?type=Pale%2bAle" }, { "name": "IPA", "link": "/c/503/beer?type=IPA" }, { "name": "Golden Ale", "link": "/c/503/beer?type=Golden%2bAle" }, { "name": "Amber Ale", "link": "/c/503/beer?type=Amber%2bAle" }, { "name": "Brown Ale", "link": "/c/503/beer?type=Brown%2bAle" }] }, { "name": "Mild", "link": "/c/787/mild-beer" }, { "name": "Stout/Porter", "link": "/c/788/stout-and-porter" }, { "name": "Lager", "link": "/c/789/lager" }, { "name": "Speciality", "link": "/c/790/speciality-beer" }, { "name": "Cask Aged", "link": "/c/791/cask-aged-beer" }, { "name": "Cider", "link": "/c/625/cider" }] }, { "name": "Shop by Sake", "link": "#" ,"children": [ { "name": "All Sake", "link": "/c/384/sake" }, { "name": "Honjozo", "link": "/c/384/sake?type=Honjozo" }, { "name": "Ginjo", "link": "/c/384/sake?type=Ginjo" }, { "name": "Daiginjo", "link": "/c/384/sake?type=Daiginjo" }, { "name": "Nigori", "link": "/c/384/sake?type=Nigori" }, { "name": "Kijoshu", "link": "/c/384/sake?type=Kijoshu" }, { "name": "Aged", "link": "/c/384/sake?type=Aged" }, { "name": "Flavoured", "link": "/c/384/sake?type=Flavoured" }] }, { "name": "Inspire Me", "link": "#" ,"children": [ { "name": "Beer Glasses", "link": "/c/707/beer-glasses" }] }, { "name": "New Beer", "link": "/new-products/champagne-wine-and-beer" }, { "name": "Beer Bundles", "link": "/d/758/beer-bundles-and-cider-cases" }] }, { "name": "Miniatures &amp; Samples", "link": "/miniatures-and-samples" ,"children": [ { "name": "Miniatures & Samples", "link": "/miniatures-and-samples" }, { "name": "Whisky Miniatures", "link": "#" ,"children": [ { "name": "Single Malt Scotch Whisky", "link": "/c/395/single-malt-scotch-whisky-miniatures" }, { "name": "Blended Scotch Whisky", "link": "/c/436/blended-scotch-whisky-miniatures" }, { "name": "Blended Malt Scotch Whisky", "link": "/c/469/blended-malt-scotch-whisky-miniatures" }, { "name": "Grain Scotch Whisky", "link": "/c/585/grain-scotch-whisky-miniatures" }, { "name": "American Whiskey", "link": "/c/393/american-whiskey-miniatures" }, { "name": "Canadian Whisky", "link": "/c/425/canadian-whisky-miniatures" }, { "name": "Irish Whiskey", "link": "/c/394/irish-whiskey-miniatures" }, { "name": "Japanese Whisky", "link": "/c/419/japanese-whisky-miniatures" }, { "name": "World Whisky", "link": "/c/417/world-whisky-miniatures" }] }, { "name": "Spirits Miniatures", "link": "#" ,"children": [ { "name": "Absinthe", "link": "/c/386/absinthe-miniatures" }, { "name": "Cognac", "link": "/c/387/cognac-miniatures" }, { "name": "Jenever and Gin", "link": "/c/388/jenever-and-gin-miniatures" }, { "name": "Grape Brandy", "link": "/c/630/grape-brandy-miniatures" }, { "name": "Mezcal", "link": "/c/680/mezcal-miniatures" }, { "name": "Rum", "link": "/c/390/rum-miniatures" }, { "name": "Tequila", "link": "/c/391/tequila-miniatures" }, { "name": "Vodka", "link": "/c/392/vodka-miniatures" }, { "name": "Other Spirits and Syrups", "link": "/c/431/other-spirits-and-syrup-miniatures" }, { "name": "Aperitif and Vermouth", "link": "/c/421/aperitif-and-vermouth-miniatures" }, { "name": "Liqueurs", "link": "/c/389/liqueur-miniatures" }, { "name": "Whisky Liqueurs", "link": "/c/420/whisky-liqueur-miniatures" }] }, { "name": "Whisky Samples", "link": "#" ,"children": [ { "name": "Single Malt Scotch Whisky", "link": "/c/813/single-malt-scotch-whisky-samples" ,"children": [ { "name": "All Single Malt Scotch Whisky", "link": "/c/813/single-malt-scotch-whisky-samples" }, { "name": "Campbeltown", "link": "/c/813/single-malt-scotch-whisky-samples?region=Campbeltown" }, { "name": "Highland", "link": "/c/813/single-malt-scotch-whisky-samples?region=Highland" }, { "name": "Island", "link": "/c/813/single-malt-scotch-whisky-samples?region=Island" }, { "name": "Islay", "link": "/c/813/single-malt-scotch-whisky-samples?region=Islay" }, { "name": "Lowland", "link": "/c/813/single-malt-scotch-whisky-samples?region=Lowland" }, { "name": "Speyside", "link": "/c/813/single-malt-scotch-whisky-samples?region=Speyside" }] }, { "name": "Blended Malt Scotch Whisky", "link": "/c/814/blended-malt-scotch-whisky-samples" }, { "name": "Blended Scotch Whisky", "link": "/c/815/blended-scotch-whisky-samples" }, { "name": "Grain Scotch Whisky", "link": "/c/816/grain-scotch-whisky-samples" }, { "name": "American Whiskey", "link": "/c/817/american-whiskey-samples" }, { "name": "Japanese Whisky", "link": "/c/818/japanese-whisky-samples" }, { "name": "Irish Whiskey", "link": "/c/819/irish-whiskey-samples" }, { "name": "World Whisky", "link": "/c/820/world-whisky-samples" }] }, { "name": "Spirits Samples", "link": "#" ,"children": [ { "name": "Cognac", "link": "/c/821/cognac-samples" }, { "name": "Armagnac", "link": "/c/822/armagnac-samples" }, { "name": "Gin", "link": "/c/823/jenever-and-gin-samples" }, { "name": "Rum", "link": "/c/824/rum-samples" }, { "name": "Vodka", "link": "/c/825/vodka-samples" }, { "name": "Liqueurs", "link": "/c/827/liqueurs-samples" }, { "name": "Other Spirits", "link": "/c/891/other-spirits-samples" }] }, { "name": "All Miniatures", "link": "/c/385/miniatures" }, { "name": "All Perfect Measures", "link": "/c/803/samples" }, { "name": "Perfect Measure Sets", "link": "/c/828/sample-gift-sets" }, { "name": "Miniature Gift Sets", "link": "/c/422/miniature-gift-sets" }, { "name": "New Miniatures & Samples", "link": "/new-products/miniatures-and-samples" }, { "name": "20 Whiskies Tasting Set", "link": "/p/59957/20-whiskies-that-changed-the-world-tasting-set-20x3cl" }] }, { "name": "Cocktails &amp; Mixers", "link": "/cocktails-and-mixers" ,"children": [ { "name": "Cocktails & Mixers", "link": "/cocktails-and-mixers" }, { "name": "Shop by Type", "link": "#" ,"children": [ { "name": "Bitters", "link": "/c/345/bitters-and-sprays" }, { "name": "Pre-Mixed Cocktails", "link": "/c/580/pre-mixed-cocktails-and-kits" }, { "name": "Garnishes", "link": "/c/649/garnishes-sauces-and-cocktail-fruit" }, { "name": "Chocolates & Treats", "link": "/c/519/chocolate-popcorn-and-treats" }, { "name": "Alcohol Alternatives", "link": "/c/1013/non-alcoholic-drinks" ,"children": [ { "name": "All Alcohol Alternatives", "link": "/c/1013/non-alcoholic-drinks" }, { "name": "Non-Alcoholic Spirits", "link": "/c/903/non-alcoholic-spirits" }, { "name": "Non-Alcoholic Aperitifs", "link": "/c/1014/non-alcoholic-aperitifs" }, { "name": "Low-Alcohol Drinks", "link": "/c/1015/low-alcohol-drinks" }] }, { "name": "Soft Drinks & Syrups", "link": "/c/348/soft-drinks-and-syrups" ,"children": [ { "name": "All Soft Drinks & Syrups", "link": "/c/348/soft-drinks-and-syrups" }, { "name": "Fruit Juices", "link": "/c/1082/fruit-juices" }, { "name": "Soft Drinks and Mixers", "link": "/c/579/soft-drinks-and-mixers" }, { "name": "Switchels and Kombuchas", "link": "/c/734/switchels-and-kombuchas" }, { "name": "Syrups and Purées", "link": "/c/350/syrups-and-purees" }] }] }, { "name": "Inspire Me", "link": "#" ,"children": [ { "name": "Cocktail Books", "link": "/c/655/drinks-books?type=Cocktails" }, { "name": "Barware", "link": "/c/716/bar-equipment" }, { "name": "Cocktail Glasses", "link": "/c/400/cocktail-glasses" }, { "name": "Aperitivo Time", "link": "/feature/focuson/aperitivotime" }] }, { "name": "Special Offers", "link": "/specialoffers/spirits" }, { "name": "Cocktail recipes", "link": "/cocktails" }, { "name": "Bring the Bar Home", "link": "/d/1031/bring-the-bar-home" }] }, { "name": "Books &amp; Accessories", "link": "/books-and-accessories" ,"children": [ { "name": "Books & Accessories", "link": "/books-and-accessories" }, { "name": "Shop by Type", "link": "#" ,"children": [ { "name": "Glassware", "link": "/c/396/glassware" ,"children": [ { "name": "All Glassware", "link": "/c/396/glassware" }, { "name": "Beer Glasses", "link": "/c/707/beer-glasses" }, { "name": "Champagne and Wine Glasses", "link": "/c/401/champagne-and-wine-glasses" }, { "name": "Cocktail Glasses", "link": "/c/400/cocktail-glasses" }, { "name": "Decanters", "link": "/c/728/decanters" }, { "name": "Highball and Tumbler Glasses", "link": "/c/397/highball-and-tumbler-glasses" }, { "name": "Mixing Glasses", "link": "/c/483/mixing-glasses" }, { "name": "Shot Glasses", "link": "/c/399/shot-glasses" }, { "name": "Tasting Glasses", "link": "/c/398/tasting-glasses" }, { "name": "Ceramic Mugs and Cups", "link": "/c/1151/ceramic-mugs-and-cups" }] }, { "name": "Bar Accessories", "link": "/c/466/bar-accessories" ,"children": [ { "name": "All Bar Accessories", "link": "/c/466/bar-accessories" }, { "name": "Bar Equipment", "link": "/c/716/bar-equipment" }, { "name": "Jigsaws and Party Accessories", "link": "/c/715/jigsaws-and-party-accessories" }] }, { "name": "Hip Flasks", "link": "/c/717/hip-flasks" }, { "name": "Books", "link": "/c/402/books" ,"children": [ { "name": "All Books", "link": "/c/402/books" }, { "name": "Whisky Books", "link": "/c/423/whisky-books" }, { "name": "Drinks Books", "link": "/c/655/drinks-books" }] }, { "name": "Gift Boxes", "link": "/c/588/gift-boxes" }] }, { "name": "Inspire Me", "link": "#" ,"children": [ { "name": "T-Shirts", "link": "/c/525/clothing" }, { "name": "Memorabilia", "link": "/c/729/memorabilia" }, { "name": "Distillery Memorabilia", "link": "/c/457/distillery-memorabilia" }, { "name": "Empty Collectible Decanters", "link": "/c/590/empty-collectible-decanters" }] }, { "name": "Gift Collections", "link": "/d/735/drinks-gift-collections" }, { "name": "Our Whisky Book", "link": "/p/61498/everything-you-need-to-know-about-whisky" }] }]'>
    </div>
    <script type="text/javascript"
        src="/media/rtwe/assets/application/javascript/twe-bundle.js?v=638114602003681160"></script>





    <script type="text/javascript">
        $(document).ready(function () {
            var ometria_profile_id = "";
            if (ometria_profile_id != "") {
                if (window.ometria) {
                    ometria.identify(ometria_profile_id);
                }
            }
        });
    </script>
    <script>
        $(document).ready(function () {
            if (_gaq) {
                var _gaqCid = "";
                if (_gaqCid != "") {
                    _gaq.push(['_trackEvent', 'PageView-LoggedInUser', 'pageLoad', 'Search results for cider : The Whisky Exchange']);
                }
            }
        });
    </script>
    <script>
        $(document).ready(function () {
            var searchQuery = getSearchUrlParameterByName("q");
            _gaq.push(['_trackEvent', 'PageView-SiteSearch', 'searchPageLoad', searchQuery]);
        });

        function getSearchUrlParameterByName(name) {
            var match = RegExp('[?&]' + name + '=([^&]*)').exec(window.location.search);
            return match && decodeURIComponent(match[1].replace(/\+/g, ' '));
        }

    </script>
    <script type="text/javascript">
        $(document).ready(function () {
            if (window.ometria) {
                ometria.init("listing", null, "TWE");
            }
        });
    </script>
    <script>
        (function (w, d, t, r, u) {
            var f, n, i;
            w[u] = w[u] || [], f = function () {
                var o = { ti: "5667557" };
                o.q = w[u], w[u] = new UET(o), w[u].push("pageLoad")
            }, n = d.createElement(t), n.src = r, n.async = 1, n.onload = n.onreadystatechange = function () {
                var s = this.readyState;
                s && s !== "loaded" && s !== "complete" || (f(), n.onload = n.onreadystatechange = null)
            }, i = d.getElementsByTagName(t)[0], i.parentNode.insertBefore(n, i)
        })
            (window, document, "script", "//bat.bing.com/bat.js", "uetq");
    </script>
    <noscript>
        <img src="//bat.bing.com/action/0?ti=5667557&Ver=2" height="0" width="0"
            style="display: none; visibility: hidden;" />
    </noscript>
    <script>
        gtag('event', 'conversion', {
            'allow_custom_scripts': true,
            'u1': 'https://www.thewhiskyexchange.com/search?q=cider',
            'u2': '',
            'u3': '',
            'send_to': 'DC-9835324/retvh0/twe_m0+standard'
        });
    </script>
    <noscript>
        <img src="https://ad.doubleclick.net/ddm/activity/src=9835324;type=retvh0;cat=twe_m0;u1=https://www.thewhiskyexchange.com/search?q=cider;u2=;u3=;dc_lat=;dc_rdid=;tag_for_child_directed_treatment=;tfua=;npa=;ord=1?"
            width="1" height="1" alt="" />
    </noscript>

    <script>
        !function (f, b, e, v, n, t, s) {
            if (f.fbq) return; n = f.fbq = function () {
                n.callMethod ?
                n.callMethod.apply(n, arguments) : n.queue.push(arguments)
            };
            if (!f._fbq) f._fbq = n; n.push = n; n.loaded = !0; n.version = '2.0';
            n.queue = []; t = b.createElement(e); t.async = !0;
            t.src = v; s = b.getElementsByTagName(e)[0];
            s.parentNode.insertBefore(t, s)
        }(window, document, 'script',
            'https://connect.facebook.net/en_US/fbevents.js');
        fbq('init', '338190130083656');
        fbq('track', 'PageView');
    </script>
    <noscript><img height="1" width="1" style="display:none"
            src="https://www.facebook.com/tr?id=338190130083656&ev=PageView&noscript=1" /></noscript>

    <script>
        var shareasaleSSCID = shareasaleGetParameterByName("sscid"); function shareasaleSetCookie(e, a, r, s, t) { if (e && a) { var o, n = s ? "; path=" + s : "", i = t ? "; domain=" + t : "", l = ""; r && ((o = new Date).setTime(o.getTime() + r), l = "; expires=" + o.toUTCString()), document.cookie = e + "=" + a + l + n + i } } function shareasaleGetParameterByName(e, a) { a || (a = window.location.href), e = e.replace(/[\[\]]/g, "\\$&"); var r = new RegExp("[?&]" + e + "(=([^&#]*)|&|#|$)").exec(a); return r ? r[2] ? decodeURIComponent(r[2].replace(/\+/g, " ")) : "" : null } shareasaleSSCID && shareasaleSetCookie("shareasaleSSCID", shareasaleSSCID, 94670778e4, "/");
    </script>
    <script async type="text/javascript" src="https://app.termly.io/embed.min.js" data-auto-block="on"
        data-website-uuid="baabe918-51b4-4774-8fd3-dcfaca698200"></script>
    <script type="text/javascript"
        src="/media/rtwe/assets/application/javascript/site/trustbar.js?v=638000609052798704"></script>
    <input type="hidden" id="tweanalytics"
        value="eyJDYWNoZS1Db250cm9sIjoibWF4LWFnZT0wIiwiQ29ubmVjdGlvbiI6IktlZXAtQWxpdmUiLCJDb250ZW50LUxlbmd0aCI6IjAiLCJBY2NlcHQiOiJ0ZXh0L2h0bWwsYXBwbGljYXRpb24veGh0bWwreG1sLGFwcGxpY2F0aW9uL3htbDtxPTAuOSxpbWFnZS9hdmlmLGltYWdlL3dlYnAsaW1hZ2UvYXBuZywqLyo7cT0wLjgsYXBwbGljYXRpb24vc2lnbmVkLWV4Y2hhbmdlO3Y9YjM7cT0wLjkiLCJBY2NlcHQtRW5jb2RpbmciOiJnemlwIiwiQWNjZXB0LUxhbmd1YWdlIjoiZW4tR0IsZW4tVVM7cT0wLjksZW47cT0wLjgiLCJDb29raWUiOiJBU1AuTkVUX1Nlc3Npb25JZD1pd3dzb2lpd2xpd3JsZWJxZWxocXNveGU7IF9fdHdldWlkPWRhN2JhNGU4MGU1NjQ3MGU5ZWM2ZThjOTI4Y2E5YjlkOyBzdGFydGVkYXQ9MTUvMDIvMjAyMyAxODo1ODowNzsgX2djbF9hdT0xLjEuMTAzMjUxMjc3OC4xNjc2NDg3NTAwOyBfZmJwPWZiLjEuMTY3NjQ4NzUwMzgxMi42MDI1OTcwNTQ7IHJidWlkPXJib3MtMTk1YjNkNTYtOGM2Mi00NzAxLWI4MzQtODQyODY0ZjQ1YTNhOyBfX3psY21pZD0xRVJsYlk3RHFJTnVySTc7IF9jZnV2aWQ9YjFmZ1J4NjVsQ0VORmJfMTBjbldtUk5hd3lHb3JWUVp3OE1zT2pIeGplQS0xNjc2NzM4Nzg5MDEzLTAtNjA0ODAwMDAwOyBfZ2lkPUdBMS4yLjE5NDYxNDYyOTMuMTY3NjczODc5MDsgX19jZl9ibT13V01yOE1veXA0Q2tFbnJ2OGwyWXFaUWFDZHZ2MjFRZm1ITEJXTmZQUHpNLTE2NzY3Mzk5OTQtMC1BWVRuQkhwQTRkU3JESW5hejN2NmhNSERUSkFpNDd2ZC9CQzVlZXRaNXZFUlVMR0EwVDc1NWg5SnJrZ3F0cWx6WEtvWU1ySTRKdEZZNkZVWmd4djdibGs9OyBfZ2FfNTNSVjkxTTYwWj1HUzEuMS4xNjc2NzM4Nzg5LjIuMS4xNjc2NzQwNDE5LjAuMC4wOyBfdWV0c2lkPWNhZmI1YzEwYWZhYjExZWRhYWJkYzljNDkzNzQ2NjE2OyBfdWV0dmlkPWI2OWVmMGMwYWQ2MjExZWRhYzRhZDkyNzVhMjEyMWIwOyBvbWV0cmlhPTJfY2lkJTNEWExiRXFDclptS0lDSUM3cSUyNm5zZXMlM0QyJTI2b3N0cyUzRDE2NzY0ODc0OTklMjZzaWQlM0RmMTVlM2IxMTFnWjNBSFdKbjRkZGklMjZucHYlM0Q1JTI2dGlkcyUzRCUyNmVjYW1wJTNEJTI2c3JjJTNEY2RuLmFkaW1vLmNvJTI1N0MlMjU3QyUyNTdDJTI1N0MlMjU3QyUyNTdDMTk0MDYlMjZvc3JjJTNEY2RuLmFkaW1vLmNvJTI1N0MlMjU3QyUyNTdDJTI1N0MlMjU3QyUyNTdDMTk0MDMlMjZzbHQlM0QxNjc2NzQwNDE5OyBfZ2E9R0ExLjIuMjA4MDczNzA4Mi4xNjc2NDg3NTAwOyBfZ2F0X2d0YWdfVUFfMTE2MDE3MF8xPTEiLCJIb3N0Ijoid3d3LnRoZXdoaXNreWV4Y2hhbmdlLmNvbSIsIlVzZXItQWdlbnQiOiJNb3ppbGxhLzUuMCAoTWFjaW50b3NoOyBJbnRlbCBNYWMgT1MgWCAxMF8xNV83KSBBcHBsZVdlYktpdC81MzcuMzYgKEtIVE1MLCBsaWtlIEdlY2tvKSBDaHJvbWUvMTA4LjAuMC4wIFNhZmFyaS81MzcuMzYiLCJYLUZvcndhcmRlZC1Gb3IiOiI5MC4xMzkuNTQuMjI5IiwiQ0YtUkFZIjoiNzliODY1NWYxZWU3YjgwNy1SSVgiLCJYLUZvcndhcmRlZC1Qcm90byI6Imh0dHBzIiwiQ0YtVmlzaXRvciI6IntcInNjaGVtZVwiOlwiaHR0cHNcIn0iLCJzZWMtY2gtdWEiOiJcIk5vdD9BX0JyYW5kXCI7dj1cIjhcIiwgXCJDaHJvbWl1bVwiO3Y9XCIxMDhcIiwgXCJHb29nbGUgQ2hyb21lXCI7dj1cIjEwOFwiIiwic2VjLWNoLXVhLW1vYmlsZSI6Ij8wIiwic2VjLWNoLXVhLXBsYXRmb3JtIjoiXCJtYWNPU1wiIiwidXBncmFkZS1pbnNlY3VyZS1yZXF1ZXN0cyI6IjEiLCJzZWMtZmV0Y2gtc2l0ZSI6Im5vbmUiLCJzZWMtZmV0Y2gtbW9kZSI6Im5hdmlnYXRlIiwic2VjLWZldGNoLXVzZXIiOiI/MSIsInNlYy1mZXRjaC1kZXN0IjoiZG9jdW1lbnQiLCJwcmlvcml0eSI6InU9MCIsIkNGLUNvbm5lY3RpbmctSVAiOiI5MC4xMzkuNTQuMjI5IiwiQ0YtSVBDb3VudHJ5IjoiTFYiLCJDRE4tTG9vcCI6ImNsb3VkZmxhcmUiLCJYLU9yaWdpbmFsLVVSTCI6Ii9zZWFyY2g/cT1jaWRlciIsIkFTUC5ORVRfU2Vzc2lvbklkIjoiaXd3c29paXdsaXdybGVicWVsaHFzb3hlIiwiSG9zdE5hbWUiOiJ3d3cudGhld2hpc2t5ZXhjaGFuZ2UuY29tIiwiUGFnZVVybCI6Ii9zZWFyY2g/cT1jaWRlciIsIkNGQ291bnRyeUNvZGUiOiJMViIsIklwQWRkcmVzcyI6IjkwLjEzOS41NC4yMjkifQ=="><input
        type="hidden" id="twedata" value="eyJDb29raWVzIjoie30ifQ==">

    <script>
        tweSite.global.apiBaseUrl = "https://api.thewhiskyexchange.com";
    </script>

    <input class="js-twe__uniquetoken" type="hidden"
        value="7f00a2009400be00ad00cd00800043008d002600a90058001a00c300b20044004b003900330013008a0075003c00920042003b00e400b8000a00d300fb002b00a200a900d2008b00bf00">
    <script defer
        src="https://static.cloudflareinsights.com/beacon.min.js/vaafb692b2aea4879b33c060e79fe94621666317369993"
        integrity="sha512-0ahDYl866UMhKuYcW078ScMalXqtFJggm7TmlUtp0UlD4eQk0Ixfnm5ykXKvGJNFjLMoortdseTfsRT8oCfgGA=="
        data-cf-beacon='{"rayId":"79b8655f1ee7b807","token":"32d5c2c2b923422d876c677fe3f17ff0","version":"2023.2.0","si":100}'
        crossorigin="anonymous"></script>
</body>

</html>